Seq_No	Time	Transaction_Price	Volume	Bid_Price	Bid_Size	Ask_Price	Ask_Size
1	2014-03-21 09:20:00.054	*	*	75.95	5200	76.1	400
2	2014-03-21 09:30:00.083	76.1	400	*	*	*	*
3	2014-03-21 09:30:00.083	*	*	76.1	400	76.2	2400
4	2014-03-21 09:30:00.248	*	*	*	*	76.2	2800
5	2014-03-21 09:30:00.428	*	*	*	*	76.2	400
6	2014-03-21 09:30:00.711	76.1	400	*	*	*	*
7	2014-03-21 09:30:00.711	76.05	400	*	*	*	*
8	2014-03-21 09:30:00.711	*	*	76.05	19600	*	*
9	2014-03-21 09:30:00.728	76.05	2400	*	*	*	*
10	2014-03-21 09:30:00.728	*	*	76.05	17200	*	*
11	2014-03-21 09:30:01.422	*	*	76.05	18000	*	*
12	2014-03-21 09:30:01.758	*	*	*	*	76.2	800
13	2014-03-21 09:30:01.766	76.05	2400	*	*	*	*
14	2014-03-21 09:30:01.766	*	*	76.05	15600	*	*
15	2014-03-21 09:30:01.771	*	*	*	*	76.2	1200
16	2014-03-21 09:30:02.299	*	*	*	*	76.2	800
17	2014-03-21 09:30:03.281	76.2	400	*	*	*	*
18	2014-03-21 09:30:03.281	*	*	*	*	76.2	400
19	2014-03-21 09:30:03.418	*	*	*	*	76.2	1200
20	2014-03-21 09:30:03.422	76.05	400	*	*	*	*
21	2014-03-21 09:30:03.422	*	*	76.05	15200	*	*
22	2014-03-21 09:30:05.400	*	*	76.05	16400	*	*
23	2014-03-21 09:30:06.110	*	*	76.05	19600	*	*
24	2014-03-21 09:30:06.622	*	*	*	*	76.2	5200
25	2014-03-21 09:30:07.016	*	*	76.05	20800	*	*
26	2014-03-21 09:30:07.215	76.05	6000	*	*	*	*
27	2014-03-21 09:30:07.215	*	*	76.05	14800	*	*
28	2014-03-21 09:30:07.272	76.05	400	*	*	*	*
29	2014-03-21 09:30:07.272	*	*	76.05	14400	*	*
30	2014-03-21 09:30:07.315	76.05	800	*	*	*	*
31	2014-03-21 09:30:07.315	*	*	76.05	13600	*	*
32	2014-03-21 09:30:07.340	76.05	3200	*	*	*	*
33	2014-03-21 09:30:07.340	*	*	76.05	10400	*	*
34	2014-03-21 09:30:07.539	*	*	*	*	76.2	9600
35	2014-03-21 09:30:08.392	76.05	1200	*	*	*	*
36	2014-03-21 09:30:08.392	*	*	76.05	9200	*	*
37	2014-03-21 09:30:08.598	*	*	*	*	76.2	13600
38	2014-03-21 09:30:08.844	76.05	800	*	*	*	*
39	2014-03-21 09:30:08.844	*	*	76.05	8400	*	*
40	2014-03-21 09:30:08.953	*	*	*	*	76.15	400
41	2014-03-21 09:30:08.954	76.15	400	*	*	*	*
42	2014-03-21 09:30:08.954	*	*	*	*	76.2	13600
43	2014-03-21 09:30:08.955	*	*	76.05	5200	*	*
44	2014-03-21 09:30:08.956	*	*	76.15	400	*	*
45	2014-03-21 09:30:08.969	*	*	*	*	76.2	9200
46	2014-03-21 09:30:08.969	76.15	400	*	*	*	*
47	2014-03-21 09:30:08.969	*	*	76.05	8400	*	*
48	2014-03-21 09:30:08.971	*	*	*	*	76.15	400
49	2014-03-21 09:30:09.004	76.15	400	*	*	*	*
50	2014-03-21 09:30:09.004	*	*	*	*	76.2	1200
51	2014-03-21 09:30:09.008	*	*	76.15	400	*	*
52	2014-03-21 09:30:09.045	*	*	76.05	7600	*	*
53	2014-03-21 09:30:09.178	*	*	76.15	800	*	*
54	2014-03-21 09:30:09.180	76.2	400	*	*	*	*
55	2014-03-21 09:30:09.180	76.2	800	*	*	*	*
56	2014-03-21 09:30:09.180	*	*	*	*	76.25	400
57	2014-03-21 09:30:09.184	*	*	76.2	1200	*	*
58	2014-03-21 09:30:09.185	76.2	1200	*	*	*	*
59	2014-03-21 09:30:09.185	*	*	76.15	800	*	*
60	2014-03-21 09:30:09.361	76.15	400	*	*	*	*
61	2014-03-21 09:30:09.361	*	*	76.15	400	*	*
62	2014-03-21 09:30:09.601	*	*	*	*	76.25	14800
63	2014-03-21 09:30:09.601	76.15	400	*	*	*	*
64	2014-03-21 09:30:09.601	*	*	76.05	7600	*	*
65	2014-03-21 09:30:09.603	*	*	*	*	76.25	36800
66	2014-03-21 09:30:09.613	*	*	*	*	76.25	37200
67	2014-03-21 09:30:10.486	76.25	400	*	*	*	*
68	2014-03-21 09:30:10.486	76.25	800	*	*	*	*
69	2014-03-21 09:30:10.486	*	*	*	*	76.25	36000
70	2014-03-21 09:30:11.523	*	*	*	*	76.25	45200
71	2014-03-21 09:30:11.527	76.05	1600	*	*	*	*
72	2014-03-21 09:30:11.527	*	*	76.05	6000	*	*
73	2014-03-21 09:30:11.530	*	*	*	*	76.25	23200
74	2014-03-21 09:30:11.531	*	*	*	*	76.2	22000
75	2014-03-21 09:30:11.536	*	*	76.05	2800	*	*
76	2014-03-21 09:30:11.550	*	*	*	*	76.2	22400
77	2014-03-21 09:30:11.561	*	*	*	*	76.2	400
78	2014-03-21 09:30:11.599	*	*	*	*	76.2	14000
79	2014-03-21 09:30:11.600	*	*	*	*	76.2	36000
80	2014-03-21 09:30:11.996	*	*	*	*	76.2	40000
81	2014-03-21 09:30:12.336	*	*	76.05	3600	*	*
82	2014-03-21 09:30:12.538	*	*	*	*	76.2	49200
83	2014-03-21 09:30:12.967	*	*	*	*	76.2	45200
84	2014-03-21 09:30:13.552	*	*	76.05	6800	*	*
85	2014-03-21 09:30:16.375	76.2	400	*	*	*	*
86	2014-03-21 09:30:16.375	76.2	800	*	*	*	*
87	2014-03-21 09:30:16.375	*	*	*	*	76.2	44000
88	2014-03-21 09:30:18.627	*	*	*	*	76.15	800
89	2014-03-21 09:30:18.629	76.15	800	*	*	*	*
90	2014-03-21 09:30:18.629	*	*	*	*	76.2	44000
91	2014-03-21 09:30:18.629	*	*	76.05	3600	*	*
92	2014-03-21 09:30:18.631	*	*	76.15	400	*	*
93	2014-03-21 09:30:18.634	76.15	400	*	*	*	*
94	2014-03-21 09:30:18.634	*	*	76.05	6800	*	*
95	2014-03-21 09:30:18.643	*	*	*	*	76.15	400
96	2014-03-21 09:30:18.646	*	*	76.05	3600	*	*
97	2014-03-21 09:30:18.646	*	*	*	*	76.15	800
98	2014-03-21 09:30:18.648	76.15	400	*	*	*	*
99	2014-03-21 09:30:18.648	*	*	*	*	76.15	400
100	2014-03-21 09:30:18.678	*	*	76.05	6800	*	*
101	2014-03-21 09:30:18.690	*	*	*	*	76.15	13200
102	2014-03-21 09:30:18.691	*	*	*	*	76.15	35200
103	2014-03-21 09:30:18.693	*	*	76.05	3600	*	*
104	2014-03-21 09:30:19.289	*	*	76.05	2800	*	*
105	2014-03-21 09:30:19.289	*	*	76.1	800	*	*
106	2014-03-21 09:30:19.302	76.1	800	*	*	*	*
107	2014-03-21 09:30:19.302	*	*	76.05	2800	*	*
108	2014-03-21 09:30:19.611	76.05	400	*	*	*	*
109	2014-03-21 09:30:19.611	*	*	76.05	2400	*	*
110	2014-03-21 09:30:19.615	*	*	76.05	22400	*	*
111	2014-03-21 09:30:19.662	*	*	*	*	76.15	34800
112	2014-03-21 09:30:21.225	76.05	400	*	*	*	*
113	2014-03-21 09:30:21.225	*	*	76.05	22000	*	*
114	2014-03-21 09:30:21.661	*	*	*	*	76.15	43200
115	2014-03-21 09:30:22.101	76.05	800	*	*	*	*
116	2014-03-21 09:30:22.101	76.05	1200	*	*	*	*
117	2014-03-21 09:30:22.101	76.05	13200	*	*	*	*
118	2014-03-21 09:30:22.101	*	*	76.05	6800	*	*
119	2014-03-21 09:30:22.679	*	*	*	*	76.15	40800
120	2014-03-21 09:30:22.683	*	*	*	*	76.1	2400
121	2014-03-21 09:30:22.685	76.1	2400	*	*	*	*
122	2014-03-21 09:30:22.685	*	*	*	*	76.15	40800
123	2014-03-21 09:30:23.472	76.15	2400	*	*	*	*
124	2014-03-21 09:30:23.472	*	*	*	*	76.15	38400
125	2014-03-21 09:30:25.073	76.15	1200	*	*	*	*
126	2014-03-21 09:30:25.073	*	*	*	*	76.15	37200
127	2014-03-21 09:30:28.072	76.15	1200	*	*	*	*
128	2014-03-21 09:30:28.072	*	*	*	*	76.15	36000
129	2014-03-21 09:30:29.710	*	*	*	*	76.15	14000
130	2014-03-21 09:30:32.288	*	*	*	*	76.15	35200
131	2014-03-21 09:30:33.492	76.15	400	*	*	*	*
132	2014-03-21 09:30:33.492	*	*	*	*	76.15	34800
133	2014-03-21 09:30:34.396	*	*	76.05	8800	*	*
134	2014-03-21 09:30:36.827	*	*	76.05	10000	*	*
135	2014-03-21 09:30:37.542	76.15	800	*	*	*	*
136	2014-03-21 09:30:37.542	*	*	*	*	76.15	34000
137	2014-03-21 09:30:38.288	*	*	76.05	10400	*	*
138	2014-03-21 09:30:41.895	*	*	76.05	11200	*	*
139	2014-03-21 09:30:42.306	76.15	1200	*	*	*	*
140	2014-03-21 09:30:42.306	*	*	*	*	76.15	32800
141	2014-03-21 09:30:42.871	76.15	1200	*	*	*	*
142	2014-03-21 09:30:42.871	*	*	*	*	76.15	31600
143	2014-03-21 09:30:44.454	*	*	*	*	76.15	32000
144	2014-03-21 09:30:44.902	76.15	400	*	*	*	*
145	2014-03-21 09:30:44.902	*	*	*	*	76.15	31600
146	2014-03-21 09:30:45.406	76.15	400	*	*	*	*
147	2014-03-21 09:30:45.406	*	*	*	*	76.15	31200
148	2014-03-21 09:30:46.228	*	*	76.1	40000	*	*
149	2014-03-21 09:30:46.232	76.15	2800	*	*	*	*
150	2014-03-21 09:30:46.232	*	*	*	*	76.15	28400
151	2014-03-21 09:30:46.236	76.15	400	*	*	*	*
152	2014-03-21 09:30:46.236	*	*	*	*	76.15	28000
153	2014-03-21 09:30:49.707	*	*	76.1	41200	*	*
154	2014-03-21 09:30:49.895	76.15	400	*	*	*	*
155	2014-03-21 09:30:49.895	76.15	1200	*	*	*	*
156	2014-03-21 09:30:49.895	*	*	*	*	76.15	26400
157	2014-03-21 09:30:49.909	76.15	800	*	*	*	*
158	2014-03-21 09:30:49.909	*	*	*	*	76.15	25600
159	2014-03-21 09:30:50.854	76.15	800	*	*	*	*
160	2014-03-21 09:30:50.854	*	*	*	*	76.15	24800
161	2014-03-21 09:30:50.858	76.15	400	*	*	*	*
162	2014-03-21 09:30:50.858	*	*	*	*	76.15	24400
163	2014-03-21 09:30:50.911	*	*	76.1	41600	*	*
164	2014-03-21 09:30:51.316	76.1	400	*	*	*	*
165	2014-03-21 09:30:51.316	*	*	76.1	41200	*	*
166	2014-03-21 09:30:53.180	*	*	76.1	43200	*	*
167	2014-03-21 09:30:53.485	76.15	400	*	*	*	*
168	2014-03-21 09:30:53.485	*	*	*	*	76.15	24000
169	2014-03-21 09:30:54.321	76.1	400	*	*	*	*
170	2014-03-21 09:30:54.321	*	*	76.1	42800	*	*
171	2014-03-21 09:30:54.897	*	*	76.1	43600	*	*
172	2014-03-21 09:30:55.858	76.1	3600	*	*	*	*
173	2014-03-21 09:30:55.858	*	*	76.1	40000	*	*
174	2014-03-21 09:30:56.329	76.15	400	*	*	*	*
175	2014-03-21 09:30:56.329	*	*	*	*	76.15	23600
176	2014-03-21 09:30:57.458	76.1	1600	*	*	*	*
177	2014-03-21 09:30:57.458	*	*	76.1	38400	*	*
178	2014-03-21 09:30:59.101	76.15	2000	*	*	*	*
179	2014-03-21 09:30:59.101	76.15	6800	*	*	*	*
180	2014-03-21 09:30:59.101	*	*	*	*	76.15	14800
181	2014-03-21 09:30:59.492	76.15	1200	*	*	*	*
182	2014-03-21 09:30:59.492	*	*	*	*	76.15	13600
183	2014-03-21 09:31:00.789	*	*	76.1	39600	*	*
184	2014-03-21 09:31:02.062	76.15	1200	*	*	*	*
185	2014-03-21 09:31:02.062	*	*	*	*	76.15	12400
186	2014-03-21 09:31:02.218	*	*	*	*	76.15	24800
187	2014-03-21 09:31:02.928	*	*	76.1	38800	*	*
188	2014-03-21 09:31:02.931	76.15	2000	*	*	*	*
189	2014-03-21 09:31:02.931	*	*	*	*	76.15	22800
190	2014-03-21 09:31:03.213	*	*	76.1	40800	*	*
191	2014-03-21 09:31:03.238	76.1	2800	*	*	*	*
192	2014-03-21 09:31:03.238	*	*	76.1	38000	*	*
193	2014-03-21 09:31:03.432	76.15	800	*	*	*	*
194	2014-03-21 09:31:03.432	*	*	*	*	76.15	22000
195	2014-03-21 09:31:08.626	*	*	*	*	76.15	44000
196	2014-03-21 09:31:08.957	76.15	800	*	*	*	*
197	2014-03-21 09:31:08.957	*	*	*	*	76.15	43200
198	2014-03-21 09:31:09.701	76.15	1200	*	*	*	*
199	2014-03-21 09:31:09.701	*	*	*	*	76.15	42000
200	2014-03-21 09:31:11.222	76.15	400	*	*	*	*
201	2014-03-21 09:31:11.222	*	*	*	*	76.15	41600
202	2014-03-21 09:31:11.951	76.15	800	*	*	*	*
203	2014-03-21 09:31:11.951	*	*	*	*	76.15	40800
204	2014-03-21 09:31:13.180	76.15	400	*	*	*	*
205	2014-03-21 09:31:13.180	*	*	*	*	76.15	40400
206	2014-03-21 09:31:13.280	*	*	76.1	38400	*	*
207	2014-03-21 09:31:15.492	*	*	*	*	76.15	45600
208	2014-03-21 09:31:15.724	*	*	*	*	76.15	48800
209	2014-03-21 09:31:16.934	*	*	*	*	76.15	26800
210	2014-03-21 09:31:18.435	76.15	400	*	*	*	*
211	2014-03-21 09:31:18.435	*	*	*	*	76.15	26400
212	2014-03-21 09:31:18.825	76.15	400	*	*	*	*
213	2014-03-21 09:31:18.825	*	*	*	*	76.15	26000
214	2014-03-21 09:31:19.006	76.15	400	*	*	*	*
215	2014-03-21 09:31:19.006	*	*	*	*	76.15	25600
216	2014-03-21 09:31:21.538	*	*	*	*	76.15	47600
217	2014-03-21 09:31:28.238	76.15	1200	*	*	*	*
218	2014-03-21 09:31:28.238	*	*	*	*	76.15	46400
219	2014-03-21 09:31:30.654	*	*	*	*	76.15	43200
220	2014-03-21 09:31:30.692	*	*	*	*	76.15	46400
221	2014-03-21 09:31:32.213	76.15	400	*	*	*	*
222	2014-03-21 09:31:32.213	*	*	*	*	76.15	46000
223	2014-03-21 09:31:32.475	*	*	*	*	76.15	48400
224	2014-03-21 09:31:33.239	76.15	400	*	*	*	*
225	2014-03-21 09:31:33.239	*	*	*	*	76.15	48000
226	2014-03-21 09:31:33.495	*	*	*	*	76.15	50000
227	2014-03-21 09:31:35.785	76.15	800	*	*	*	*
228	2014-03-21 09:31:35.785	*	*	*	*	76.15	49200
229	2014-03-21 09:31:35.950	*	*	*	*	76.15	53200
230	2014-03-21 09:31:36.214	*	*	*	*	76.15	69200
231	2014-03-21 09:31:36.493	*	*	*	*	76.15	71600
232	2014-03-21 09:31:36.497	*	*	*	*	76.15	73600
233	2014-03-21 09:31:37.752	76.15	400	*	*	*	*
234	2014-03-21 09:31:37.752	*	*	*	*	76.15	73200
235	2014-03-21 09:31:37.757	76.15	400	*	*	*	*
236	2014-03-21 09:31:37.757	*	*	*	*	76.15	72800
237	2014-03-21 09:31:38.077	*	*	76.1	38800	*	*
238	2014-03-21 09:31:42.074	76.15	400	*	*	*	*
239	2014-03-21 09:31:42.074	*	*	*	*	76.15	72400
240	2014-03-21 09:31:42.811	*	*	*	*	76.15	74400
241	2014-03-21 09:31:46.476	*	*	76.1	40000	*	*
242	2014-03-21 09:31:47.143	76.15	400	*	*	*	*
243	2014-03-21 09:31:47.143	*	*	*	*	76.15	74000
244	2014-03-21 09:31:47.257	76.15	400	*	*	*	*
245	2014-03-21 09:31:47.257	76.15	1600	*	*	*	*
246	2014-03-21 09:31:47.257	*	*	*	*	76.15	72000
247	2014-03-21 09:31:49.693	*	*	*	*	76.15	74000
248	2014-03-21 09:31:50.168	76.15	800	*	*	*	*
249	2014-03-21 09:31:50.168	*	*	*	*	76.15	73200
250	2014-03-21 09:31:50.206	76.15	400	*	*	*	*
251	2014-03-21 09:31:50.206	*	*	*	*	76.15	72800
252	2014-03-21 09:31:55.206	76.15	400	*	*	*	*
253	2014-03-21 09:31:55.206	*	*	*	*	76.15	72400
254	2014-03-21 09:31:55.666	*	*	*	*	76.15	74400
255	2014-03-21 09:31:56.282	76.15	800	*	*	*	*
256	2014-03-21 09:31:56.282	*	*	*	*	76.15	73600
257	2014-03-21 09:31:57.254	76.15	400	*	*	*	*
258	2014-03-21 09:31:57.254	*	*	*	*	76.15	73200
259	2014-03-21 09:31:57.418	76.15	1200	*	*	*	*
260	2014-03-21 09:31:57.418	*	*	*	*	76.15	72000
261	2014-03-21 09:32:01.958	*	*	*	*	76.15	72400
262	2014-03-21 09:32:03.059	*	*	*	*	76.15	89600
263	2014-03-21 09:32:03.064	76.1	4800	*	*	*	*
264	2014-03-21 09:32:03.064	*	*	76.1	35200	*	*
265	2014-03-21 09:32:03.070	76.15	800	*	*	*	*
266	2014-03-21 09:32:03.070	*	*	*	*	76.15	88800
267	2014-03-21 09:32:05.572	*	*	76.1	34000	*	*
268	2014-03-21 09:32:05.586	76.15	1200	*	*	*	*
269	2014-03-21 09:32:05.586	*	*	*	*	76.15	87600
270	2014-03-21 09:32:05.660	76.1	800	*	*	*	*
271	2014-03-21 09:32:05.660	*	*	76.1	33200	*	*
272	2014-03-21 09:32:06.064	76.1	1200	*	*	*	*
273	2014-03-21 09:32:06.064	*	*	76.1	32000	*	*
274	2014-03-21 09:32:06.069	76.15	400	*	*	*	*
275	2014-03-21 09:32:06.069	*	*	*	*	76.15	87200
276	2014-03-21 09:32:06.990	*	*	76.1	32800	*	*
277	2014-03-21 09:32:08.127	*	*	76.1	32400	*	*
278	2014-03-21 09:32:08.127	76.15	400	*	*	*	*
279	2014-03-21 09:32:08.127	*	*	*	*	76.15	86800
280	2014-03-21 09:32:12.223	76.15	800	*	*	*	*
281	2014-03-21 09:32:12.223	*	*	*	*	76.15	86000
282	2014-03-21 09:32:15.205	76.1	800	*	*	*	*
283	2014-03-21 09:32:15.205	*	*	76.1	31600	*	*
284	2014-03-21 09:32:15.663	*	*	*	*	76.15	89200
285	2014-03-21 09:32:16.278	76.15	1200	*	*	*	*
286	2014-03-21 09:32:16.278	*	*	*	*	76.15	88000
287	2014-03-21 09:32:16.495	*	*	76.1	47600	*	*
288	2014-03-21 09:32:23.201	76.15	1200	*	*	*	*
289	2014-03-21 09:32:23.201	*	*	*	*	76.15	86800
290	2014-03-21 09:32:23.208	76.15	400	*	*	*	*
291	2014-03-21 09:32:23.208	*	*	*	*	76.15	86400
292	2014-03-21 09:32:25.487	76.15	400	*	*	*	*
293	2014-03-21 09:32:25.487	*	*	*	*	76.15	86000
294	2014-03-21 09:32:28.120	76.1	800	*	*	*	*
295	2014-03-21 09:32:28.120	*	*	76.1	46800	*	*
296	2014-03-21 09:32:28.966	76.15	1600	*	*	*	*
297	2014-03-21 09:32:28.966	*	*	*	*	76.15	84400
298	2014-03-21 09:32:28.970	76.15	400	*	*	*	*
299	2014-03-21 09:32:28.970	*	*	*	*	76.15	84000
300	2014-03-21 09:32:29.528	*	*	*	*	76.15	86400
301	2014-03-21 09:32:29.726	76.15	400	*	*	*	*
302	2014-03-21 09:32:29.726	*	*	*	*	76.15	86000
303	2014-03-21 09:32:30.528	76.15	800	*	*	*	*
304	2014-03-21 09:32:30.528	*	*	*	*	76.15	85200
305	2014-03-21 09:32:30.531	76.1	1600	*	*	*	*
306	2014-03-21 09:32:30.531	*	*	76.1	45200	*	*
307	2014-03-21 09:32:30.656	*	*	*	*	76.15	82000
308	2014-03-21 09:32:30.670	*	*	*	*	76.15	78800
309	2014-03-21 09:32:30.710	*	*	*	*	76.15	82000
310	2014-03-21 09:32:30.729	*	*	*	*	76.15	85200
311	2014-03-21 09:32:30.944	76.15	800	*	*	*	*
312	2014-03-21 09:32:30.944	*	*	*	*	76.15	84400
313	2014-03-21 09:32:30.949	76.15	400	*	*	*	*
314	2014-03-21 09:32:30.949	*	*	*	*	76.15	84000
315	2014-03-21 09:32:32.685	76.15	800	*	*	*	*
316	2014-03-21 09:32:32.685	*	*	*	*	76.15	83200
317	2014-03-21 09:32:33.143	76.15	800	*	*	*	*
318	2014-03-21 09:32:33.143	*	*	*	*	76.15	82400
319	2014-03-21 09:32:34.018	76.15	2400	*	*	*	*
320	2014-03-21 09:32:34.018	*	*	*	*	76.15	80000
321	2014-03-21 09:32:37.870	76.15	800	*	*	*	*
322	2014-03-21 09:32:37.870	*	*	*	*	76.15	79200
323	2014-03-21 09:32:37.874	76.15	1200	*	*	*	*
324	2014-03-21 09:32:37.874	*	*	*	*	76.15	78000
325	2014-03-21 09:32:39.027	76.15	400	*	*	*	*
326	2014-03-21 09:32:39.027	*	*	*	*	76.15	77600
327	2014-03-21 09:32:41.733	76.1	800	*	*	*	*
328	2014-03-21 09:32:41.733	*	*	76.1	44400	*	*
329	2014-03-21 09:32:42.133	*	*	*	*	76.15	96000
330	2014-03-21 09:32:43.614	*	*	*	*	76.15	105600
331	2014-03-21 09:32:46.384	76.15	400	*	*	*	*
332	2014-03-21 09:32:46.384	*	*	*	*	76.15	105200
333	2014-03-21 09:32:47.010	*	*	76.1	44800	*	*
334	2014-03-21 09:32:47.481	76.15	800	*	*	*	*
335	2014-03-21 09:32:47.481	*	*	*	*	76.15	104400
336	2014-03-21 09:32:47.484	76.1	800	*	*	*	*
337	2014-03-21 09:32:47.484	*	*	76.1	44000	*	*
338	2014-03-21 09:32:48.965	*	*	*	*	76.15	111200
339	2014-03-21 09:32:49.010	76.15	400	*	*	*	*
340	2014-03-21 09:32:49.010	*	*	*	*	76.15	110800
341	2014-03-21 09:32:50.025	76.1	3200	*	*	*	*
342	2014-03-21 09:32:50.025	*	*	76.1	40800	*	*
343	2014-03-21 09:32:50.205	76.15	1200	*	*	*	*
344	2014-03-21 09:32:50.205	*	*	*	*	76.15	109600
345	2014-03-21 09:32:50.406	76.1	800	*	*	*	*
346	2014-03-21 09:32:50.406	*	*	76.1	40000	*	*
347	2014-03-21 09:32:52.564	76.15	800	*	*	*	*
348	2014-03-21 09:32:52.564	*	*	*	*	76.15	108800
349	2014-03-21 09:32:53.642	*	*	76.1	56000	*	*
350	2014-03-21 09:32:53.835	*	*	76.1	56800	*	*
351	2014-03-21 09:32:54.901	*	*	76.1	76800	*	*
352	2014-03-21 09:32:54.902	*	*	76.1	96800	*	*
353	2014-03-21 09:32:54.905	*	*	76.1	76800	*	*
354	2014-03-21 09:32:54.905	76.15	400	*	*	*	*
355	2014-03-21 09:32:54.905	*	*	*	*	76.15	108400
356	2014-03-21 09:32:55.011	*	*	76.1	76000	*	*
357	2014-03-21 09:32:55.028	76.15	800	*	*	*	*
358	2014-03-21 09:32:55.028	*	*	*	*	76.15	107600
359	2014-03-21 09:32:57.420	*	*	*	*	76.15	108000
360	2014-03-21 09:32:58.970	76.15	800	*	*	*	*
361	2014-03-21 09:32:58.970	*	*	*	*	76.15	107200
362	2014-03-21 09:33:00.171	76.15	400	*	*	*	*
363	2014-03-21 09:33:00.171	*	*	*	*	76.15	106800
364	2014-03-21 09:33:01.339	*	*	76.1	76800	*	*
365	2014-03-21 09:33:03.898	76.1	4800	*	*	*	*
366	2014-03-21 09:33:03.898	*	*	76.1	72000	*	*
367	2014-03-21 09:33:04.925	*	*	76.1	74000	*	*
368	2014-03-21 09:33:04.997	*	*	*	*	76.15	90800
369	2014-03-21 09:33:07.271	76.15	1200	*	*	*	*
370	2014-03-21 09:33:07.271	*	*	*	*	76.15	89600
371	2014-03-21 09:33:08.957	76.15	800	*	*	*	*
372	2014-03-21 09:33:08.957	*	*	*	*	76.15	88800
373	2014-03-21 09:33:09.487	76.15	2000	*	*	*	*
374	2014-03-21 09:33:09.487	*	*	*	*	76.15	86800
375	2014-03-21 09:33:16.731	76.15	1200	*	*	*	*
376	2014-03-21 09:33:16.731	*	*	*	*	76.15	85600
377	2014-03-21 09:33:16.982	76.15	1200	*	*	*	*
378	2014-03-21 09:33:16.982	*	*	*	*	76.15	84400
379	2014-03-21 09:33:17.228	76.15	400	*	*	*	*
380	2014-03-21 09:33:17.228	*	*	*	*	76.15	84000
381	2014-03-21 09:33:17.230	*	*	*	*	76.15	80400
382	2014-03-21 09:33:17.230	*	*	*	*	76.15	73600
383	2014-03-21 09:33:17.495	76.15	400	*	*	*	*
384	2014-03-21 09:33:17.495	*	*	*	*	76.15	73200
385	2014-03-21 09:33:19.007	76.15	400	*	*	*	*
386	2014-03-21 09:33:19.007	*	*	*	*	76.15	72800
387	2014-03-21 09:33:19.876	76.15	1200	*	*	*	*
388	2014-03-21 09:33:19.876	*	*	*	*	76.15	71600
389	2014-03-21 09:33:20.959	*	*	76.1	73200	*	*
390	2014-03-21 09:33:20.959	76.15	400	*	*	*	*
391	2014-03-21 09:33:20.959	76.15	400	*	*	*	*
392	2014-03-21 09:33:20.959	*	*	*	*	76.15	70800
393	2014-03-21 09:33:22.043	76.15	800	*	*	*	*
394	2014-03-21 09:33:22.043	*	*	*	*	76.15	70000
395	2014-03-21 09:33:25.365	76.15	800	*	*	*	*
396	2014-03-21 09:33:25.365	76.15	4000	*	*	*	*
397	2014-03-21 09:33:25.365	76.15	2400	*	*	*	*
398	2014-03-21 09:33:25.365	*	*	*	*	76.15	62800
399	2014-03-21 09:33:25.600	76.15	2000	*	*	*	*
400	2014-03-21 09:33:25.600	76.15	2000	*	*	*	*
401	2014-03-21 09:33:25.600	76.15	2000	*	*	*	*
402	2014-03-21 09:33:25.600	76.15	2000	*	*	*	*
403	2014-03-21 09:33:25.600	76.15	400	*	*	*	*
404	2014-03-21 09:33:25.600	76.15	17200	*	*	*	*
405	2014-03-21 09:33:25.600	76.15	2400	*	*	*	*
406	2014-03-21 09:33:25.600	76.15	3200	*	*	*	*
407	2014-03-21 09:33:25.600	76.15	3200	*	*	*	*
408	2014-03-21 09:33:25.600	76.15	15600	*	*	*	*
409	2014-03-21 09:33:25.600	*	*	*	*	76.15	12800
410	2014-03-21 09:33:25.602	76.15	2800	*	*	*	*
411	2014-03-21 09:33:25.602	76.15	9600	*	*	*	*
412	2014-03-21 09:33:25.602	76.15	400	*	*	*	*
413	2014-03-21 09:33:25.602	*	*	*	*	76.2	32800
414	2014-03-21 09:33:25.606	*	*	76.15	12800	*	*
415	2014-03-21 09:33:25.608	*	*	*	*	76.2	16800
416	2014-03-21 09:33:25.675	76.2	400	*	*	*	*
417	2014-03-21 09:33:25.675	*	*	*	*	76.2	16400
418	2014-03-21 09:33:25.770	*	*	76.15	13200	*	*
419	2014-03-21 09:33:26.697	*	*	76.15	14400	*	*
420	2014-03-21 09:33:27.452	*	*	76.15	16400	*	*
421	2014-03-21 09:33:28.224	*	*	*	*	76.2	12400
422	2014-03-21 09:33:28.227	*	*	*	*	76.2	11200
423	2014-03-21 09:33:28.970	76.2	2800	*	*	*	*
424	2014-03-21 09:33:28.970	76.2	3200	*	*	*	*
425	2014-03-21 09:33:28.970	76.2	800	*	*	*	*
426	2014-03-21 09:33:28.970	*	*	*	*	76.2	4400
427	2014-03-21 09:33:28.972	76.2	3200	*	*	*	*
428	2014-03-21 09:33:28.972	76.2	1200	*	*	*	*
429	2014-03-21 09:33:28.972	*	*	*	*	76.25	12800
430	2014-03-21 09:33:28.972	*	*	76.15	32400	*	*
431	2014-03-21 09:33:30.607	*	*	76.2	800	*	*
432	2014-03-21 09:33:32.711	76.2	800	*	*	*	*
433	2014-03-21 09:33:32.711	76.15	400	*	*	*	*
434	2014-03-21 09:33:32.711	76.15	1200	*	*	*	*
435	2014-03-21 09:33:32.711	76.15	2000	*	*	*	*
436	2014-03-21 09:33:32.711	76.15	15600	*	*	*	*
437	2014-03-21 09:33:32.711	*	*	76.15	800	*	*
438	2014-03-21 09:33:33.716	*	*	*	*	76.25	28800
439	2014-03-21 09:33:33.718	*	*	76.15	400	*	*
440	2014-03-21 09:33:33.718	*	*	76.15	16400	*	*
441	2014-03-21 09:33:33.718	*	*	*	*	76.25	50800
442	2014-03-21 09:33:34.307	*	*	76.15	18400	*	*
443	2014-03-21 09:33:34.314	*	*	*	*	76.25	72400
444	2014-03-21 09:33:34.316	*	*	*	*	76.2	7200
445	2014-03-21 09:33:34.546	*	*	*	*	76.2	9200
446	2014-03-21 09:33:34.956	76.2	1600	*	*	*	*
447	2014-03-21 09:33:34.956	*	*	*	*	76.2	7600
448	2014-03-21 09:33:35.512	*	*	76.15	2400	*	*
449	2014-03-21 09:33:36.766	*	*	*	*	76.2	11600
450	2014-03-21 09:33:39.207	76.2	3200	*	*	*	*
451	2014-03-21 09:33:39.207	*	*	*	*	76.2	8400
452	2014-03-21 09:33:39.324	*	*	76.15	4400	*	*
453	2014-03-21 09:33:40.254	*	*	76.15	5600	*	*
454	2014-03-21 09:33:41.406	*	*	*	*	76.2	10800
455	2014-03-21 09:33:42.107	*	*	*	*	76.2	26800
456	2014-03-21 09:33:42.195	*	*	*	*	76.2	48800
457	2014-03-21 09:33:42.420	*	*	*	*	76.2	64000
458	2014-03-21 09:33:43.998	*	*	*	*	76.2	68400
459	2014-03-21 09:33:44.342	*	*	76.15	7200	*	*
460	2014-03-21 09:33:45.419	*	*	76.15	10400	*	*
461	2014-03-21 09:33:47.238	*	*	*	*	76.2	72400
462	2014-03-21 09:33:47.240	76.15	400	*	*	*	*
463	2014-03-21 09:33:47.240	76.15	400	*	*	*	*
464	2014-03-21 09:33:47.240	*	*	76.15	9600	*	*
465	2014-03-21 09:33:48.227	*	*	*	*	76.2	74800
466	2014-03-21 09:33:48.230	*	*	*	*	76.2	76800
467	2014-03-21 09:33:48.241	*	*	*	*	76.2	78800
468	2014-03-21 09:33:48.243	*	*	*	*	76.2	80800
469	2014-03-21 09:33:48.968	76.2	400	*	*	*	*
470	2014-03-21 09:33:48.968	*	*	*	*	76.2	80400
471	2014-03-21 09:33:49.232	*	*	*	*	76.2	84800
472	2014-03-21 09:33:49.251	*	*	*	*	76.2	86800
473	2014-03-21 09:33:50.512	76.2	800	*	*	*	*
474	2014-03-21 09:33:50.512	*	*	*	*	76.2	86000
475	2014-03-21 09:33:51.239	*	*	*	*	76.2	88000
476	2014-03-21 09:33:52.240	76.15	1600	*	*	*	*
477	2014-03-21 09:33:52.240	76.15	800	*	*	*	*
478	2014-03-21 09:33:52.240	*	*	76.15	7200	*	*
479	2014-03-21 09:33:52.242	*	*	*	*	76.2	90400
480	2014-03-21 09:33:52.245	*	*	*	*	76.2	92400
481	2014-03-21 09:33:52.252	*	*	*	*	76.2	94400
482	2014-03-21 09:33:52.255	*	*	*	*	76.2	96400
483	2014-03-21 09:33:53.251	*	*	*	*	76.2	98400
484	2014-03-21 09:33:53.252	*	*	*	*	76.2	100400
485	2014-03-21 09:33:53.254	*	*	*	*	76.2	102400
486	2014-03-21 09:33:53.255	*	*	*	*	76.2	104400
487	2014-03-21 09:33:54.225	76.2	800	*	*	*	*
488	2014-03-21 09:33:54.225	*	*	*	*	76.2	103600
489	2014-03-21 09:33:54.247	*	*	*	*	76.2	106000
490	2014-03-21 09:33:54.249	*	*	*	*	76.2	110000
491	2014-03-21 09:33:54.254	*	*	*	*	76.2	112400
492	2014-03-21 09:33:54.261	*	*	*	*	76.2	114400
493	2014-03-21 09:33:55.242	*	*	76.15	9200	*	*
494	2014-03-21 09:33:55.446	*	*	*	*	76.2	114800
495	2014-03-21 09:33:55.774	76.2	400	*	*	*	*
496	2014-03-21 09:33:55.774	*	*	*	*	76.2	114400
497	2014-03-21 09:33:58.643	*	*	*	*	76.2	124800
498	2014-03-21 09:33:58.970	76.2	800	*	*	*	*
499	2014-03-21 09:33:58.970	*	*	*	*	76.2	124000
500	2014-03-21 09:33:59.275	*	*	*	*	76.2	126000
501	2014-03-21 09:33:59.804	76.2	1200	*	*	*	*
502	2014-03-21 09:33:59.804	76.2	800	*	*	*	*
503	2014-03-21 09:33:59.804	*	*	*	*	76.2	124000
504	2014-03-21 09:33:59.807	76.15	1200	*	*	*	*
505	2014-03-21 09:33:59.807	76.15	1200	*	*	*	*
506	2014-03-21 09:33:59.807	76.15	1600	*	*	*	*
507	2014-03-21 09:33:59.807	76.15	3200	*	*	*	*
508	2014-03-21 09:33:59.807	76.15	2000	*	*	*	*
509	2014-03-21 09:33:59.807	*	*	76.1	74400	*	*
510	2014-03-21 09:33:59.916	*	*	76.1	69200	*	*
511	2014-03-21 09:34:00.573	*	*	76.1	70000	*	*
512	2014-03-21 09:34:02.421	*	*	76.15	20000	*	*
513	2014-03-21 09:34:04.292	*	*	*	*	76.2	126000
514	2014-03-21 09:34:04.309	*	*	*	*	76.2	125600
515	2014-03-21 09:34:04.535	*	*	*	*	76.2	136400
516	2014-03-21 09:34:04.727	*	*	*	*	76.2	126000
517	2014-03-21 09:34:04.729	*	*	*	*	76.2	120400
518	2014-03-21 09:34:06.722	*	*	76.15	20400	*	*
519	2014-03-21 09:34:08.957	76.2	1200	*	*	*	*
520	2014-03-21 09:34:08.957	*	*	*	*	76.2	119200
521	2014-03-21 09:34:13.458	*	*	76.15	400	*	*
522	2014-03-21 09:34:15.016	76.15	400	*	*	*	*
523	2014-03-21 09:34:15.016	*	*	76.1	59200	76.15	400
524	2014-03-21 09:34:15.043	*	*	76.1	54000	*	*
525	2014-03-21 09:34:15.333	*	*	*	*	76.15	58800
526	2014-03-21 09:34:15.334	*	*	*	*	76.15	74800
527	2014-03-21 09:34:15.335	*	*	*	*	76.15	96800
528	2014-03-21 09:34:15.879	*	*	*	*	76.15	106400
529	2014-03-21 09:34:19.638	*	*	*	*	76.15	84400
530	2014-03-21 09:34:21.799	*	*	76.1	54400	*	*
531	2014-03-21 09:34:24.490	76.15	400	*	*	*	*
532	2014-03-21 09:34:24.490	76.15	4800	*	*	*	*
533	2014-03-21 09:34:24.490	*	*	*	*	76.15	79200
534	2014-03-21 09:34:24.494	76.15	400	*	*	*	*
535	2014-03-21 09:34:24.494	*	*	*	*	76.15	78800
536	2014-03-21 09:34:24.529	76.15	400	*	*	*	*
537	2014-03-21 09:34:24.529	*	*	*	*	76.15	78400
538	2014-03-21 09:34:25.006	*	*	*	*	76.15	72800
539	2014-03-21 09:34:30.448	76.15	50000	*	*	*	*
540	2014-03-21 09:34:30.448	*	*	*	*	76.15	22800
541	2014-03-21 09:34:30.452	76.15	2800	*	*	*	*
542	2014-03-21 09:34:30.452	76.15	2400	*	*	*	*
543	2014-03-21 09:34:30.452	*	*	*	*	76.15	17600
544	2014-03-21 09:34:30.452	76.15	13600	*	*	*	*
545	2014-03-21 09:34:30.452	76.15	4000	*	*	*	*
546	2014-03-21 09:34:30.452	*	*	76.15	5200	76.2	28000
547	2014-03-21 09:34:30.453	*	*	*	*	76.2	6000
548	2014-03-21 09:34:32.105	*	*	*	*	76.2	3600
549	2014-03-21 09:34:32.105	*	*	*	*	76.2	400
550	2014-03-21 09:34:35.139	*	*	76.15	6000	*	*
551	2014-03-21 09:34:38.957	76.2	400	*	*	*	*
552	2014-03-21 09:34:38.957	*	*	*	*	76.25	12800
553	2014-03-21 09:34:38.961	*	*	76.15	22000	*	*
554	2014-03-21 09:34:43.368	*	*	*	*	76.25	28800
555	2014-03-21 09:34:44.269	*	*	*	*	76.25	37600
556	2014-03-21 09:34:46.828	*	*	76.15	24000	*	*
557	2014-03-21 09:34:47.355	76.25	400	*	*	*	*
558	2014-03-21 09:34:47.355	*	*	*	*	76.25	37200
559	2014-03-21 09:34:49.241	76.25	800	*	*	*	*
560	2014-03-21 09:34:49.241	*	*	*	*	76.25	36400
561	2014-03-21 09:34:52.414	76.25	400	*	*	*	*
562	2014-03-21 09:34:52.414	*	*	*	*	76.25	36000
563	2014-03-21 09:34:52.516	76.25	1600	*	*	*	*
564	2014-03-21 09:34:52.516	76.25	400	*	*	*	*
565	2014-03-21 09:34:52.516	*	*	*	*	76.25	34000
566	2014-03-21 09:34:52.618	76.25	800	*	*	*	*
567	2014-03-21 09:34:52.618	*	*	*	*	76.25	33200
568	2014-03-21 09:34:52.872	*	*	*	*	76.25	17200
569	2014-03-21 09:34:55.424	*	*	*	*	76.25	11600
570	2014-03-21 09:34:58.970	76.25	400	*	*	*	*
571	2014-03-21 09:34:58.970	*	*	*	*	76.25	11200
572	2014-03-21 09:35:00.570	*	*	*	*	76.25	11600
573	2014-03-21 09:35:00.968	*	*	*	*	76.25	12000
574	2014-03-21 09:35:01.761	76.25	400	*	*	*	*
575	2014-03-21 09:35:01.761	*	*	*	*	76.25	11600
576	2014-03-21 09:35:03.298	*	*	76.2	400	*	*
577	2014-03-21 09:35:03.300	*	*	76.2	16400	*	*
578	2014-03-21 09:35:03.753	76.25	800	*	*	*	*
579	2014-03-21 09:35:03.753	*	*	*	*	76.25	10800
580	2014-03-21 09:35:05.368	*	*	76.2	17600	*	*
581	2014-03-21 09:35:05.567	*	*	*	*	76.25	4400
582	2014-03-21 09:35:05.568	*	*	*	*	76.25	1200
583	2014-03-21 09:35:06.537	76.2	400	*	*	*	*
584	2014-03-21 09:35:06.537	76.2	400	*	*	*	*
585	2014-03-21 09:35:06.537	*	*	76.2	16800	*	*
586	2014-03-21 09:35:09.173	*	*	*	*	76.25	18000
587	2014-03-21 09:35:09.403	*	*	76.2	19200	*	*
588	2014-03-21 09:35:14.148	76.25	400	*	*	*	*
589	2014-03-21 09:35:14.148	76.25	400	*	*	*	*
590	2014-03-21 09:35:14.148	76.25	400	*	*	*	*
591	2014-03-21 09:35:14.148	76.25	800	*	*	*	*
592	2014-03-21 09:35:14.148	*	*	*	*	76.25	16000
593	2014-03-21 09:35:14.153	76.25	400	*	*	*	*
594	2014-03-21 09:35:14.153	*	*	*	*	76.25	15600
595	2014-03-21 09:35:14.461	76.25	800	*	*	*	*
596	2014-03-21 09:35:14.461	*	*	*	*	76.25	14800
597	2014-03-21 09:35:14.925	*	*	76.2	20000	*	*
598	2014-03-21 09:35:15.703	*	*	*	*	76.25	17600
599	2014-03-21 09:35:15.753	76.25	14800	*	*	*	*
600	2014-03-21 09:35:15.753	76.25	1200	*	*	*	*
601	2014-03-21 09:35:15.753	*	*	*	*	76.25	1600
602	2014-03-21 09:35:15.754	76.25	1600	*	*	*	*
603	2014-03-21 09:35:15.754	*	*	*	*	76.3	36800
604	2014-03-21 09:35:15.755	*	*	*	*	76.3	20800
605	2014-03-21 09:35:15.895	*	*	76.2	21200	*	*
606	2014-03-21 09:35:16.715	*	*	*	*	76.3	14000
607	2014-03-21 09:35:18.415	*	*	*	*	76.3	36000
608	2014-03-21 09:35:18.743	*	*	*	*	76.3	42400
609	2014-03-21 09:35:19.372	*	*	76.25	400	*	*
610	2014-03-21 09:35:19.374	*	*	76.25	16400	*	*
611	2014-03-21 09:35:19.374	76.25	400	*	*	*	*
612	2014-03-21 09:35:19.374	*	*	76.25	16000	*	*
613	2014-03-21 09:35:19.383	76.3	400	*	*	*	*
614	2014-03-21 09:35:19.383	76.3	400	*	*	*	*
615	2014-03-21 09:35:19.383	76.3	400	*	*	*	*
616	2014-03-21 09:35:19.383	76.3	800	*	*	*	*
617	2014-03-21 09:35:19.383	*	*	*	*	76.3	40400
618	2014-03-21 09:35:19.385	76.25	7200	*	*	*	*
619	2014-03-21 09:35:19.385	*	*	76.25	8800	*	*
620	2014-03-21 09:35:19.386	76.25	8800	*	*	*	*
621	2014-03-21 09:35:19.386	*	*	76.2	5600	*	*
622	2014-03-21 09:35:19.387	*	*	*	*	76.25	400
623	2014-03-21 09:35:19.447	*	*	76.2	4400	*	*
624	2014-03-21 09:35:19.447	76.25	400	*	*	*	*
625	2014-03-21 09:35:19.447	*	*	76.25	800	76.3	40400
626	2014-03-21 09:35:19.460	76.25	800	*	*	*	*
627	2014-03-21 09:35:19.460	*	*	76.2	4400	*	*
628	2014-03-21 09:35:19.462	*	*	*	*	76.25	800
629	2014-03-21 09:35:19.503	76.25	800	*	*	*	*
630	2014-03-21 09:35:19.503	76.3	400	*	*	*	*
631	2014-03-21 09:35:19.503	76.3	4800	*	*	*	*
632	2014-03-21 09:35:19.503	*	*	*	*	76.3	35200
633	2014-03-21 09:35:19.505	*	*	*	*	76.3	13200
634	2014-03-21 09:35:19.756	*	*	*	*	76.3	10800
635	2014-03-21 09:35:20.194	*	*	76.2	3200	*	*
636	2014-03-21 09:35:20.194	76.3	1200	*	*	*	*
637	2014-03-21 09:35:20.194	*	*	*	*	76.3	9600
638	2014-03-21 09:35:20.344	*	*	76.2	7600	*	*
639	2014-03-21 09:35:22.687	*	*	*	*	76.3	10000
640	2014-03-21 09:35:23.992	*	*	*	*	76.3	30800
641	2014-03-21 09:35:23.993	*	*	*	*	76.3	52800
642	2014-03-21 09:35:24.317	*	*	76.2	3200	*	*
643	2014-03-21 09:35:24.317	76.3	2400	*	*	*	*
644	2014-03-21 09:35:24.317	76.3	2000	*	*	*	*
645	2014-03-21 09:35:24.317	*	*	*	*	76.3	48400
646	2014-03-21 09:35:24.472	*	*	*	*	76.3	50400
647	2014-03-21 09:35:25.112	*	*	76.25	400	*	*
648	2014-03-21 09:35:25.115	76.25	400	*	*	*	*
649	2014-03-21 09:35:25.115	*	*	76.2	3200	*	*
650	2014-03-21 09:35:25.116	*	*	*	*	76.3	62800
651	2014-03-21 09:35:25.124	*	*	*	*	76.25	400
652	2014-03-21 09:35:25.127	*	*	*	*	76.25	800
653	2014-03-21 09:35:25.273	76.25	400	*	*	*	*
654	2014-03-21 09:35:25.273	76.25	400	*	*	*	*
655	2014-03-21 09:35:25.273	76.3	1200	*	*	*	*
656	2014-03-21 09:35:25.273	76.3	3600	*	*	*	*
657	2014-03-21 09:35:25.273	*	*	*	*	76.3	56000
658	2014-03-21 09:35:25.520	*	*	*	*	76.3	64400
659	2014-03-21 09:35:25.520	*	*	*	*	76.3	66400
660	2014-03-21 09:35:25.584	*	*	*	*	76.3	66800
661	2014-03-21 09:35:25.843	*	*	*	*	76.3	86000
662	2014-03-21 09:35:26.116	*	*	*	*	76.3	73600
663	2014-03-21 09:35:26.478	*	*	*	*	76.3	75600
664	2014-03-21 09:35:29.517	*	*	*	*	76.3	77600
665	2014-03-21 09:35:31.316	76.2	1600	*	*	*	*
666	2014-03-21 09:35:31.316	*	*	76.2	1600	*	*
667	2014-03-21 09:35:32.521	*	*	*	*	76.3	80000
668	2014-03-21 09:35:33.505	*	*	*	*	76.3	84400
669	2014-03-21 09:35:33.506	*	*	*	*	76.3	86400
670	2014-03-21 09:35:33.510	*	*	*	*	76.3	88400
671	2014-03-21 09:35:33.511	*	*	*	*	76.3	90400
672	2014-03-21 09:35:33.513	*	*	*	*	76.3	92400
673	2014-03-21 09:35:35.865	*	*	76.2	13600	*	*
674	2014-03-21 09:35:38.202	*	*	*	*	76.3	108400
675	2014-03-21 09:35:38.874	76.3	400	*	*	*	*
676	2014-03-21 09:35:38.874	76.3	400	*	*	*	*
677	2014-03-21 09:35:38.874	76.3	1200	*	*	*	*
678	2014-03-21 09:35:38.874	*	*	*	*	76.3	106400
679	2014-03-21 09:35:40.009	*	*	76.2	29600	*	*
680	2014-03-21 09:35:40.016	*	*	76.2	17600	*	*
681	2014-03-21 09:35:40.016	*	*	76.25	12000	*	*
682	2014-03-21 09:35:40.018	76.25	12000	*	*	*	*
683	2014-03-21 09:35:40.018	*	*	76.2	17600	*	*
684	2014-03-21 09:35:40.019	*	*	*	*	76.3	116800
685	2014-03-21 09:35:40.020	76.3	4000	*	*	*	*
686	2014-03-21 09:35:40.020	*	*	*	*	76.3	112800
687	2014-03-21 09:35:40.029	*	*	*	*	76.25	12000
688	2014-03-21 09:35:40.030	*	*	*	*	76.25	34000
689	2014-03-21 09:35:40.033	76.25	1600	*	*	*	*
690	2014-03-21 09:35:40.033	*	*	*	*	76.25	32400
691	2014-03-21 09:35:40.045	*	*	*	*	76.25	32800
692	2014-03-21 09:35:40.168	76.25	3600	*	*	*	*
693	2014-03-21 09:35:40.168	*	*	*	*	76.25	29200
694	2014-03-21 09:35:40.545	*	*	*	*	76.25	58400
695	2014-03-21 09:35:40.588	*	*	*	*	76.25	51600
696	2014-03-21 09:35:40.787	*	*	76.2	16800	*	*
697	2014-03-21 09:35:40.787	76.25	800	*	*	*	*
698	2014-03-21 09:35:40.787	*	*	*	*	76.25	50800
699	2014-03-21 09:35:41.049	*	*	*	*	76.25	70800
700	2014-03-21 09:35:42.098	76.25	400	*	*	*	*
701	2014-03-21 09:35:42.098	*	*	*	*	76.25	70400
702	2014-03-21 09:35:46.889	*	*	76.2	17200	*	*
703	2014-03-21 09:35:48.968	76.25	400	*	*	*	*
704	2014-03-21 09:35:48.968	*	*	*	*	76.25	70000
705	2014-03-21 09:35:51.819	*	*	*	*	76.25	74000
706	2014-03-21 09:35:52.658	*	*	*	*	76.25	76400
707	2014-03-21 09:35:55.631	*	*	*	*	76.25	76000
708	2014-03-21 09:35:56.262	*	*	76.2	18000	*	*
709	2014-03-21 09:35:58.231	76.25	400	*	*	*	*
710	2014-03-21 09:35:58.231	*	*	*	*	76.25	75600
711	2014-03-21 09:35:58.971	76.25	400	*	*	*	*
712	2014-03-21 09:35:58.971	*	*	*	*	76.25	75200
713	2014-03-21 09:36:00.652	76.25	800	*	*	*	*
714	2014-03-21 09:36:00.652	*	*	*	*	76.25	74400
715	2014-03-21 09:36:02.311	*	*	*	*	76.25	76400
716	2014-03-21 09:36:02.418	76.25	400	*	*	*	*
717	2014-03-21 09:36:02.418	*	*	*	*	76.25	76000
718	2014-03-21 09:36:03.123	76.25	400	*	*	*	*
719	2014-03-21 09:36:03.123	*	*	*	*	76.25	75600
720	2014-03-21 09:36:04.496	76.25	2000	*	*	*	*
721	2014-03-21 09:36:04.496	*	*	*	*	76.25	73600
722	2014-03-21 09:36:06.399	*	*	*	*	76.25	63600
723	2014-03-21 09:36:08.168	*	*	*	*	76.25	65600
724	2014-03-21 09:36:08.385	*	*	76.2	68000	*	*
725	2014-03-21 09:36:08.698	76.25	800	*	*	*	*
726	2014-03-21 09:36:08.698	*	*	*	*	76.25	64800
727	2014-03-21 09:36:08.957	76.25	400	*	*	*	*
728	2014-03-21 09:36:08.957	*	*	*	*	76.25	64400
729	2014-03-21 09:36:09.952	*	*	76.2	67200	*	*
730	2014-03-21 09:36:09.968	76.25	800	*	*	*	*
731	2014-03-21 09:36:09.968	*	*	*	*	76.25	63600
732	2014-03-21 09:36:10.545	*	*	76.2	68400	*	*
733	2014-03-21 09:36:11.115	*	*	76.2	68800	*	*
734	2014-03-21 09:36:13.170	76.25	400	*	*	*	*
735	2014-03-21 09:36:13.170	*	*	*	*	76.25	63200
736	2014-03-21 09:36:14.984	76.25	13600	*	*	*	*
737	2014-03-21 09:36:14.984	76.25	5200	*	*	*	*
738	2014-03-21 09:36:14.984	*	*	*	*	76.25	44400
739	2014-03-21 09:36:18.276	*	*	76.2	70800	*	*
740	2014-03-21 09:36:18.969	76.25	2000	*	*	*	*
741	2014-03-21 09:36:18.969	*	*	*	*	76.25	42400
742	2014-03-21 09:36:22.609	*	*	*	*	76.25	44400
743	2014-03-21 09:36:22.894	*	*	76.2	71600	*	*
744	2014-03-21 09:36:26.990	76.25	400	*	*	*	*
745	2014-03-21 09:36:26.990	*	*	*	*	76.25	44000
746	2014-03-21 09:36:27.147	*	*	76.2	83600	*	*
747	2014-03-21 09:36:28.966	76.25	400	*	*	*	*
748	2014-03-21 09:36:28.966	*	*	*	*	76.25	43600
749	2014-03-21 09:36:30.045	*	*	76.2	71600	*	*
750	2014-03-21 09:36:32.725	76.25	1200	*	*	*	*
751	2014-03-21 09:36:32.725	*	*	*	*	76.25	42400
752	2014-03-21 09:36:34.532	76.25	400	*	*	*	*
753	2014-03-21 09:36:34.532	*	*	*	*	76.25	42000
754	2014-03-21 09:36:34.950	*	*	*	*	76.25	142000
755	2014-03-21 09:36:36.817	*	*	*	*	76.25	164800
756	2014-03-21 09:36:37.035	76.25	400	*	*	*	*
757	2014-03-21 09:36:37.035	*	*	*	*	76.25	164400
758	2014-03-21 09:36:40.191	76.2	4000	*	*	*	*
759	2014-03-21 09:36:40.191	*	*	76.2	67600	*	*
760	2014-03-21 09:36:40.206	76.25	400	*	*	*	*
761	2014-03-21 09:36:40.206	*	*	*	*	76.25	164000
762	2014-03-21 09:36:41.442	*	*	*	*	76.25	166000
763	2014-03-21 09:36:41.592	*	*	*	*	76.25	188000
764	2014-03-21 09:36:42.428	*	*	*	*	76.25	190400
765	2014-03-21 09:36:42.808	76.25	800	*	*	*	*
766	2014-03-21 09:36:42.808	*	*	*	*	76.25	189600
767	2014-03-21 09:36:46.013	*	*	76.2	68000	*	*
768	2014-03-21 09:36:46.712	*	*	76.2	56000	*	*
769	2014-03-21 09:36:46.714	*	*	*	*	76.25	205600
770	2014-03-21 09:36:50.847	76.25	400	*	*	*	*
771	2014-03-21 09:36:50.847	*	*	*	*	76.25	205200
772	2014-03-21 09:36:50.851	76.25	400	*	*	*	*
773	2014-03-21 09:36:50.851	*	*	*	*	76.25	204800
774	2014-03-21 09:36:50.982	76.25	400	*	*	*	*
775	2014-03-21 09:36:50.982	*	*	*	*	76.25	204400
776	2014-03-21 09:36:51.598	*	*	76.2	56800	*	*
777	2014-03-21 09:36:53.618	76.25	400	*	*	*	*
778	2014-03-21 09:36:53.618	*	*	*	*	76.25	204000
779	2014-03-21 09:36:55.264	*	*	*	*	76.25	217600
780	2014-03-21 09:36:55.736	*	*	*	*	76.25	218000
781	2014-03-21 09:36:58.363	*	*	76.2	54800	*	*
782	2014-03-21 09:36:58.363	76.25	2000	*	*	*	*
783	2014-03-21 09:36:58.363	*	*	*	*	76.25	216000
784	2014-03-21 09:36:58.521	*	*	*	*	76.25	218000
785	2014-03-21 09:36:59.483	*	*	76.2	56000	*	*
786	2014-03-21 09:37:00.181	*	*	76.2	55600	*	*
787	2014-03-21 09:37:00.196	76.25	400	*	*	*	*
788	2014-03-21 09:37:00.196	*	*	*	*	76.25	217600
789	2014-03-21 09:37:00.637	*	*	76.2	56400	*	*
790	2014-03-21 09:37:01.384	*	*	76.2	57200	*	*
791	2014-03-21 09:37:03.120	76.2	400	*	*	*	*
792	2014-03-21 09:37:03.120	76.2	800	*	*	*	*
793	2014-03-21 09:37:03.120	76.2	8400	*	*	*	*
794	2014-03-21 09:37:03.120	*	*	76.2	47600	*	*
795	2014-03-21 09:37:03.125	76.25	1200	*	*	*	*
796	2014-03-21 09:37:03.125	*	*	*	*	76.25	216400
797	2014-03-21 09:37:06.418	76.25	8000	*	*	*	*
798	2014-03-21 09:37:06.418	*	*	*	*	76.25	208400
799	2014-03-21 09:37:06.887	*	*	*	*	76.25	186400
800	2014-03-21 09:37:07.133	*	*	76.2	48000	*	*
801	2014-03-21 09:37:08.957	76.25	800	*	*	*	*
802	2014-03-21 09:37:08.957	*	*	*	*	76.25	185600
803	2014-03-21 09:37:10.067	*	*	76.2	48400	*	*
804	2014-03-21 09:37:10.524	76.25	400	*	*	*	*
805	2014-03-21 09:37:10.524	*	*	*	*	76.25	185200
806	2014-03-21 09:37:12.206	76.25	400	*	*	*	*
807	2014-03-21 09:37:12.206	*	*	*	*	76.25	184800
808	2014-03-21 09:37:17.450	*	*	76.2	49600	*	*
809	2014-03-21 09:37:17.633	*	*	76.2	50400	*	*
810	2014-03-21 09:37:18.969	76.25	400	*	*	*	*
811	2014-03-21 09:37:18.969	*	*	*	*	76.25	184400
812	2014-03-21 09:37:18.985	*	*	*	*	76.25	184000
813	2014-03-21 09:37:20.592	*	*	*	*	76.25	186000
814	2014-03-21 09:37:23.344	*	*	*	*	76.25	186400
815	2014-03-21 09:37:24.291	76.25	2000	*	*	*	*
816	2014-03-21 09:37:24.291	*	*	*	*	76.25	184400
817	2014-03-21 09:37:24.526	76.25	800	*	*	*	*
818	2014-03-21 09:37:24.526	*	*	*	*	76.25	183600
819	2014-03-21 09:37:26.208	*	*	*	*	76.25	185600
820	2014-03-21 09:37:26.768	76.2	800	*	*	*	*
821	2014-03-21 09:37:26.768	*	*	76.2	49600	*	*
822	2014-03-21 09:37:27.047	*	*	*	*	76.25	207600
823	2014-03-21 09:37:28.966	76.25	400	*	*	*	*
824	2014-03-21 09:37:28.966	*	*	*	*	76.25	207200
825	2014-03-21 09:37:29.213	76.25	400	*	*	*	*
826	2014-03-21 09:37:29.213	*	*	*	*	76.25	206800
827	2014-03-21 09:37:31.338	76.25	400	*	*	*	*
828	2014-03-21 09:37:31.338	*	*	*	*	76.25	206400
829	2014-03-21 09:37:31.768	76.2	800	*	*	*	*
830	2014-03-21 09:37:31.768	*	*	76.2	48800	*	*
831	2014-03-21 09:37:33.168	76.25	400	*	*	*	*
832	2014-03-21 09:37:33.168	*	*	*	*	76.25	206000
833	2014-03-21 09:37:36.823	76.25	800	*	*	*	*
834	2014-03-21 09:37:36.823	*	*	*	*	76.25	205200
835	2014-03-21 09:37:37.136	*	*	*	*	76.25	220400
836	2014-03-21 09:37:37.655	76.2	30000	*	*	*	*
837	2014-03-21 09:37:37.655	*	*	76.2	18800	*	*
838	2014-03-21 09:37:37.655	*	*	76.2	21200	*	*
839	2014-03-21 09:37:37.657	76.2	10000	*	*	*	*
840	2014-03-21 09:37:37.657	76.2	1200	*	*	*	*
841	2014-03-21 09:37:37.657	76.2	800	*	*	*	*
842	2014-03-21 09:37:37.657	76.2	400	*	*	*	*
843	2014-03-21 09:37:37.657	76.2	800	*	*	*	*
844	2014-03-21 09:37:37.657	76.2	1200	*	*	*	*
845	2014-03-21 09:37:37.657	76.2	800	*	*	*	*
846	2014-03-21 09:37:37.657	76.2	800	*	*	*	*
847	2014-03-21 09:37:37.657	76.2	400	*	*	*	*
848	2014-03-21 09:37:37.657	76.2	400	*	*	*	*
849	2014-03-21 09:37:37.657	76.2	1200	*	*	*	*
850	2014-03-21 09:37:37.657	76.2	800	*	*	*	*
851	2014-03-21 09:37:37.657	*	*	76.2	2400	*	*
852	2014-03-21 09:37:37.657	76.2	2400	*	*	*	*
853	2014-03-21 09:37:37.657	*	*	76.15	22400	76.2	6400
854	2014-03-21 09:37:37.661	*	*	*	*	76.2	22400
855	2014-03-21 09:37:37.696	*	*	*	*	76.2	45200
856	2014-03-21 09:37:38.039	*	*	*	*	76.2	48400
857	2014-03-21 09:37:38.050	*	*	*	*	76.2	62000
858	2014-03-21 09:37:38.958	76.2	5200	*	*	*	*
859	2014-03-21 09:37:38.958	*	*	*	*	76.2	56800
860	2014-03-21 09:37:39.575	*	*	*	*	76.2	57200
861	2014-03-21 09:37:39.853	76.2	1200	*	*	*	*
862	2014-03-21 09:37:39.853	76.2	400	*	*	*	*
863	2014-03-21 09:37:39.853	*	*	*	*	76.2	55600
864	2014-03-21 09:37:47.423	76.2	800	*	*	*	*
865	2014-03-21 09:37:47.423	*	*	*	*	76.2	54800
866	2014-03-21 09:37:47.578	76.2	800	*	*	*	*
867	2014-03-21 09:37:47.578	*	*	*	*	76.2	54000
868	2014-03-21 09:37:48.963	76.2	800	*	*	*	*
869	2014-03-21 09:37:48.963	*	*	*	*	76.2	53200
870	2014-03-21 09:37:51.286	76.2	400	*	*	*	*
871	2014-03-21 09:37:51.286	*	*	*	*	76.2	52800
872	2014-03-21 09:37:51.475	*	*	76.15	23600	*	*
873	2014-03-21 09:37:52.599	76.2	1200	*	*	*	*
874	2014-03-21 09:37:52.599	*	*	*	*	76.2	51600
875	2014-03-21 09:37:57.164	76.2	400	*	*	*	*
876	2014-03-21 09:37:57.164	*	*	*	*	76.2	51200
877	2014-03-21 09:37:58.215	*	*	*	*	76.2	53200
878	2014-03-21 09:37:58.966	76.2	400	*	*	*	*
879	2014-03-21 09:37:58.966	*	*	*	*	76.2	52800
880	2014-03-21 09:37:59.782	*	*	*	*	76.2	74800
881	2014-03-21 09:37:59.785	76.15	800	*	*	*	*
882	2014-03-21 09:37:59.785	*	*	76.15	22800	*	*
883	2014-03-21 09:38:00.509	76.15	19200	*	*	*	*
884	2014-03-21 09:38:00.509	76.15	400	*	*	*	*
885	2014-03-21 09:38:00.509	76.15	800	*	*	*	*
886	2014-03-21 09:38:00.509	76.15	400	*	*	*	*
887	2014-03-21 09:38:00.509	*	*	76.15	2000	*	*
888	2014-03-21 09:38:00.513	*	*	76.15	22000	*	*
889	2014-03-21 09:38:00.615	*	*	76.15	22800	*	*
890	2014-03-21 09:38:01.527	*	*	*	*	76.2	52800
891	2014-03-21 09:38:02.606	76.15	400	*	*	*	*
892	2014-03-21 09:38:02.606	76.15	400	*	*	*	*
893	2014-03-21 09:38:02.606	76.15	1200	*	*	*	*
894	2014-03-21 09:38:02.606	76.15	18800	*	*	*	*
895	2014-03-21 09:38:02.606	*	*	76.15	2000	*	*
896	2014-03-21 09:38:02.997	*	*	*	*	76.2	60400
897	2014-03-21 09:38:06.435	76.2	400	*	*	*	*
898	2014-03-21 09:38:06.435	*	*	*	*	76.2	60000
899	2014-03-21 09:38:06.591	*	*	*	*	76.2	46400
900	2014-03-21 09:38:06.592	76.2	6000	*	*	*	*
901	2014-03-21 09:38:06.592	*	*	*	*	76.2	40400
902	2014-03-21 09:38:06.593	*	*	*	*	76.2	37200
903	2014-03-21 09:38:06.625	76.15	1200	*	*	*	*
904	2014-03-21 09:38:06.625	76.15	800	*	*	*	*
905	2014-03-21 09:38:06.625	*	*	76.1	85600	76.15	1200
906	2014-03-21 09:38:06.636	*	*	*	*	76.15	14800
907	2014-03-21 09:38:06.638	*	*	76.1	78800	*	*
908	2014-03-21 09:38:06.639	76.15	1200	*	*	*	*
909	2014-03-21 09:38:06.639	76.15	2400	*	*	*	*
910	2014-03-21 09:38:06.639	*	*	*	*	76.15	11200
911	2014-03-21 09:38:06.649	*	*	*	*	76.15	14800
912	2014-03-21 09:38:06.663	*	*	*	*	76.15	37600
913	2014-03-21 09:38:06.799	*	*	*	*	76.15	53600
914	2014-03-21 09:38:07.352	*	*	76.1	79200	*	*
915	2014-03-21 09:38:08.280	*	*	*	*	76.15	55200
916	2014-03-21 09:38:08.957	76.15	5600	*	*	*	*
917	2014-03-21 09:38:08.957	*	*	*	*	76.15	49600
918	2014-03-21 09:38:08.999	*	*	*	*	76.15	51600
919	2014-03-21 09:38:09.122	*	*	*	*	76.15	71600
920	2014-03-21 09:38:09.990	*	*	*	*	76.15	72000
921	2014-03-21 09:38:10.067	76.15	400	*	*	*	*
922	2014-03-21 09:38:10.067	*	*	*	*	76.15	71600
923	2014-03-21 09:38:10.442	76.15	1200	*	*	*	*
924	2014-03-21 09:38:10.442	*	*	*	*	76.15	70400
925	2014-03-21 09:38:11.407	76.15	4000	*	*	*	*
926	2014-03-21 09:38:11.407	76.15	3600	*	*	*	*
927	2014-03-21 09:38:11.407	76.15	22800	*	*	*	*
928	2014-03-21 09:38:11.407	76.15	16000	*	*	*	*
929	2014-03-21 09:38:11.407	76.15	1600	*	*	*	*
930	2014-03-21 09:38:11.407	76.15	2000	*	*	*	*
931	2014-03-21 09:38:11.407	*	*	*	*	76.15	20400
932	2014-03-21 09:38:11.414	76.15	20000	*	*	*	*
933	2014-03-21 09:38:11.414	76.15	400	*	*	*	*
934	2014-03-21 09:38:11.414	*	*	76.15	29600	76.2	4400
935	2014-03-21 09:38:11.422	*	*	76.1	79200	*	*
936	2014-03-21 09:38:13.770	*	*	*	*	76.2	5200
937	2014-03-21 09:38:16.298	*	*	*	*	76.2	800
938	2014-03-21 09:38:18.108	*	*	76.15	20000	*	*
939	2014-03-21 09:38:18.110	*	*	76.15	36000	*	*
940	2014-03-21 09:38:18.171	*	*	76.15	37200	*	*
941	2014-03-21 09:38:18.963	76.2	800	*	*	*	*
942	2014-03-21 09:38:18.963	*	*	*	*	76.25	161200
943	2014-03-21 09:38:19.312	*	*	76.15	17200	*	*
944	2014-03-21 09:38:19.642	*	*	76.2	400	*	*
945	2014-03-21 09:38:20.690	76.2	400	*	*	*	*
946	2014-03-21 09:38:20.690	*	*	76.15	17200	*	*
947	2014-03-21 09:38:21.660	*	*	*	*	76.25	161600
948	2014-03-21 09:38:22.190	*	*	76.2	800	*	*
949	2014-03-21 09:38:23.647	*	*	*	*	76.25	173600
950	2014-03-21 09:38:24.307	*	*	*	*	76.25	189600
951	2014-03-21 09:38:25.689	76.2	800	*	*	*	*
952	2014-03-21 09:38:25.689	*	*	76.15	17200	*	*
953	2014-03-21 09:38:25.691	*	*	*	*	76.25	177600
954	2014-03-21 09:38:26.486	*	*	76.2	400	*	*
955	2014-03-21 09:38:26.497	76.2	400	*	*	*	*
956	2014-03-21 09:38:26.497	*	*	76.15	17200	*	*
957	2014-03-21 09:38:30.339	*	*	76.15	32400	*	*
958	2014-03-21 09:38:30.443	*	*	76.15	17200	*	*
959	2014-03-21 09:38:30.917	*	*	*	*	76.25	178000
960	2014-03-21 09:38:33.513	*	*	76.15	1200	*	*
961	2014-03-21 09:38:33.840	*	*	76.2	400	*	*
962	2014-03-21 09:38:33.842	76.2	400	*	*	*	*
963	2014-03-21 09:38:33.842	*	*	76.15	1200	*	*
964	2014-03-21 09:38:33.843	*	*	*	*	76.25	189600
965	2014-03-21 09:38:33.854	*	*	*	*	76.2	400
966	2014-03-21 09:38:33.856	*	*	*	*	76.2	16400
967	2014-03-21 09:38:33.882	*	*	*	*	76.2	20000
968	2014-03-21 09:38:34.142	*	*	76.15	4400	*	*
969	2014-03-21 09:38:34.146	76.2	400	*	*	*	*
970	2014-03-21 09:38:34.146	76.2	6800	*	*	*	*
971	2014-03-21 09:38:34.146	*	*	*	*	76.2	12800
972	2014-03-21 09:38:35.150	*	*	*	*	76.2	3600
973	2014-03-21 09:38:35.391	*	*	*	*	76.2	4000
974	2014-03-21 09:38:36.457	*	*	*	*	76.2	6000
975	2014-03-21 09:38:36.828	76.2	3600	*	*	*	*
976	2014-03-21 09:38:36.828	76.2	400	*	*	*	*
977	2014-03-21 09:38:36.828	76.2	2000	*	*	*	*
978	2014-03-21 09:38:36.828	*	*	76.2	4000	76.25	172800
979	2014-03-21 09:38:36.830	*	*	*	*	76.25	194800
980	2014-03-21 09:38:36.831	76.2	4000	*	*	*	*
981	2014-03-21 09:38:36.831	*	*	76.15	4400	*	*
982	2014-03-21 09:38:36.843	*	*	*	*	76.2	4000
983	2014-03-21 09:38:37.750	76.2	2000	*	*	*	*
984	2014-03-21 09:38:37.750	*	*	*	*	76.2	2000
985	2014-03-21 09:38:37.889	*	*	*	*	76.25	194800
986	2014-03-21 09:38:37.967	*	*	*	*	76.25	183200
987	2014-03-21 09:38:38.332	*	*	*	*	76.25	199200
988	2014-03-21 09:38:39.101	76.15	1200	*	*	*	*
989	2014-03-21 09:38:39.101	76.15	3200	*	*	*	*
990	2014-03-21 09:38:39.101	*	*	76.1	79200	76.15	2800
991	2014-03-21 09:38:39.112	76.15	2400	*	*	*	*
992	2014-03-21 09:38:39.112	*	*	*	*	76.15	400
993	2014-03-21 09:38:39.121	*	*	*	*	76.15	4000
994	2014-03-21 09:38:39.356	*	*	76.1	76800	*	*
995	2014-03-21 09:38:39.581	*	*	*	*	76.15	4400
996	2014-03-21 09:38:40.472	76.15	400	*	*	*	*
997	2014-03-21 09:38:40.472	*	*	*	*	76.15	4000
998	2014-03-21 09:38:40.967	76.15	400	*	*	*	*
999	2014-03-21 09:38:40.967	*	*	*	*	76.15	3600
1000	2014-03-21 09:38:41.779	76.15	3200	*	*	*	*
1001	2014-03-21 09:38:41.779	76.15	400	*	*	*	*
1002	2014-03-21 09:38:41.779	*	*	76.2	68400	76.25	177200
1003	2014-03-21 09:38:41.782	*	*	*	*	76.25	161200
1004	2014-03-21 09:38:41.784	76.2	2400	*	*	*	*
1005	2014-03-21 09:38:41.784	*	*	76.2	66000	*	*
1006	2014-03-21 09:38:41.915	*	*	*	*	76.25	163200
1007	2014-03-21 09:38:41.960	*	*	*	*	76.25	164800
1008	2014-03-21 09:38:42.163	*	*	*	*	76.25	162800
1009	2014-03-21 09:38:42.546	76.2	3200	*	*	*	*
1010	2014-03-21 09:38:42.546	*	*	76.2	62800	*	*
1011	2014-03-21 09:38:42.971	*	*	*	*	76.25	173600
1012	2014-03-21 09:38:44.959	76.2	62800	*	*	*	*
1013	2014-03-21 09:38:44.959	*	*	76.1	76800	*	*
1014	2014-03-21 09:38:44.961	*	*	76.1	83600	*	*
1015	2014-03-21 09:38:44.961	*	*	76.1	86000	*	*
1016	2014-03-21 09:38:44.961	*	*	76.1	87200	*	*
1017	2014-03-21 09:38:44.962	*	*	76.1	93600	*	*
1018	2014-03-21 09:38:44.963	*	*	*	*	76.25	189600
1019	2014-03-21 09:38:44.964	*	*	*	*	76.25	178800
1020	2014-03-21 09:38:45.080	*	*	76.1	86800	*	*
1021	2014-03-21 09:38:45.084	*	*	76.1	80400	*	*
1022	2014-03-21 09:38:45.087	*	*	76.1	79200	*	*
1023	2014-03-21 09:38:45.087	*	*	76.1	76800	*	*
1024	2014-03-21 09:38:45.385	*	*	*	*	76.25	179200
1025	2014-03-21 09:38:45.769	*	*	76.15	20000	*	*
1026	2014-03-21 09:38:45.917	*	*	*	*	76.25	177600
1027	2014-03-21 09:38:46.162	*	*	76.15	18400	*	*
1028	2014-03-21 09:38:48.890	*	*	76.15	81200	*	*
1029	2014-03-21 09:38:55.944	76.25	2800	*	*	*	*
1030	2014-03-21 09:38:55.944	*	*	*	*	76.25	174800
1031	2014-03-21 09:38:55.949	76.25	4800	*	*	*	*
1032	2014-03-21 09:38:55.949	76.25	2800	*	*	*	*
1033	2014-03-21 09:38:55.949	*	*	*	*	76.25	167200
1034	2014-03-21 09:38:56.698	*	*	76.15	97200	*	*
1035	2014-03-21 09:38:58.958	76.25	800	*	*	*	*
1036	2014-03-21 09:38:58.958	*	*	*	*	76.25	166400
1037	2014-03-21 09:38:59.856	*	*	76.2	1200	*	*
1038	2014-03-21 09:39:00.070	76.25	800	*	*	*	*
1039	2014-03-21 09:39:00.070	*	*	*	*	76.25	165600
1040	2014-03-21 09:39:00.735	76.2	1200	*	*	*	*
1041	2014-03-21 09:39:00.735	*	*	76.15	97600	76.2	1600
1042	2014-03-21 09:39:00.752	*	*	*	*	76.2	5200
1043	2014-03-21 09:39:00.781	*	*	*	*	76.2	3600
1044	2014-03-21 09:39:00.860	76.2	400	*	*	*	*
1045	2014-03-21 09:39:00.860	*	*	*	*	76.2	3200
1046	2014-03-21 09:39:02.513	*	*	*	*	76.2	3600
1047	2014-03-21 09:39:04.072	76.2	1200	*	*	*	*
1048	2014-03-21 09:39:04.072	*	*	*	*	76.2	2400
1049	2014-03-21 09:39:05.286	76.2	800	*	*	*	*
1050	2014-03-21 09:39:05.286	*	*	*	*	76.2	1600
1051	2014-03-21 09:39:06.070	76.2	800	*	*	*	*
1052	2014-03-21 09:39:06.070	*	*	*	*	76.2	800
1053	2014-03-21 09:39:08.958	76.2	400	*	*	*	*
1054	2014-03-21 09:39:08.958	76.2	400	*	*	*	*
1055	2014-03-21 09:39:08.958	*	*	*	*	76.25	166800
1056	2014-03-21 09:39:09.071	76.25	400	*	*	*	*
1057	2014-03-21 09:39:09.071	*	*	*	*	76.25	166400
1058	2014-03-21 09:39:10.814	*	*	76.15	98400	*	*
1059	2014-03-21 09:39:13.071	*	*	76.2	400	*	*
1060	2014-03-21 09:39:13.772	76.25	800	*	*	*	*
1061	2014-03-21 09:39:13.772	*	*	*	*	76.25	165600
1062	2014-03-21 09:39:15.191	76.2	400	*	*	*	*
1063	2014-03-21 09:39:15.191	76.15	400	*	*	*	*
1064	2014-03-21 09:39:15.191	*	*	76.15	98000	*	*
1065	2014-03-21 09:39:15.988	76.25	400	*	*	*	*
1066	2014-03-21 09:39:15.988	*	*	*	*	76.25	165200
1067	2014-03-21 09:39:16.270	76.25	1600	*	*	*	*
1068	2014-03-21 09:39:16.270	*	*	*	*	76.25	163600
1069	2014-03-21 09:39:18.286	76.25	400	*	*	*	*
1070	2014-03-21 09:39:18.286	*	*	*	*	76.25	163200
1071	2014-03-21 09:39:18.963	76.25	400	*	*	*	*
1072	2014-03-21 09:39:18.963	*	*	*	*	76.25	162800
1073	2014-03-21 09:39:20.467	*	*	*	*	76.25	146800
1074	2014-03-21 09:39:21.192	*	*	76.2	400	*	*
1075	2014-03-21 09:39:21.192	*	*	76.2	800	*	*
1076	2014-03-21 09:39:21.194	*	*	76.2	16800	*	*
1077	2014-03-21 09:39:27.176	76.25	2000	*	*	*	*
1078	2014-03-21 09:39:27.176	*	*	*	*	76.25	144800
1079	2014-03-21 09:39:28.117	*	*	*	*	76.25	145200
1080	2014-03-21 09:39:47.356	76.25	1200	*	*	*	*
1081	2014-03-21 09:39:47.356	*	*	*	*	76.25	144000
1082	2014-03-21 09:39:47.361	76.25	400	*	*	*	*
1083	2014-03-21 09:39:47.361	*	*	*	*	76.25	143600
1084	2014-03-21 09:39:49.605	*	*	76.2	800	*	*
1085	2014-03-21 09:39:49.814	*	*	*	*	76.25	159600
1086	2014-03-21 09:39:51.143	76.25	1200	*	*	*	*
1087	2014-03-21 09:39:51.143	*	*	*	*	76.25	158400
1088	2014-03-21 09:39:51.205	76.2	400	*	*	*	*
1089	2014-03-21 09:39:51.205	76.2	400	*	*	*	*
1090	2014-03-21 09:39:51.205	*	*	76.15	20400	76.2	5600
1091	2014-03-21 09:39:51.223	*	*	*	*	76.2	8800
1092	2014-03-21 09:39:52.006	*	*	76.15	36400	*	*
1093	2014-03-21 09:39:52.493	76.2	4000	*	*	*	*
1094	2014-03-21 09:39:52.493	*	*	*	*	76.2	4800
1095	2014-03-21 09:39:52.497	76.2	400	*	*	*	*
1096	2014-03-21 09:39:52.497	*	*	*	*	76.2	4400
1097	2014-03-21 09:39:55.268	*	*	76.15	38000	*	*
1098	2014-03-21 09:39:56.522	76.2	800	*	*	*	*
1099	2014-03-21 09:39:56.522	*	*	*	*	76.2	3600
1100	2014-03-21 09:39:56.527	76.2	400	*	*	*	*
1101	2014-03-21 09:39:56.527	*	*	*	*	76.2	3200
1102	2014-03-21 09:40:00.890	76.2	800	*	*	*	*
1103	2014-03-21 09:40:00.890	*	*	*	*	76.2	2400
1104	2014-03-21 09:40:01.192	*	*	76.15	38800	*	*
1105	2014-03-21 09:40:03.514	76.2	400	*	*	*	*
1106	2014-03-21 09:40:03.514	*	*	*	*	76.2	2000
1107	2014-03-21 09:40:04.379	*	*	76.15	40000	*	*
1108	2014-03-21 09:40:04.747	76.2	400	*	*	*	*
1109	2014-03-21 09:40:04.747	*	*	*	*	76.2	1600
1110	2014-03-21 09:40:10.457	*	*	76.15	41200	*	*
1111	2014-03-21 09:40:10.830	76.2	400	*	*	*	*
1112	2014-03-21 09:40:10.830	*	*	*	*	76.2	1200
1113	2014-03-21 09:40:11.483	76.2	1200	*	*	*	*
1114	2014-03-21 09:40:11.483	76.25	3600	*	*	*	*
1115	2014-03-21 09:40:11.483	*	*	*	*	76.25	154800
1116	2014-03-21 09:40:11.894	76.25	400	*	*	*	*
1117	2014-03-21 09:40:11.894	*	*	*	*	76.25	154400
1118	2014-03-21 09:40:11.898	76.25	400	*	*	*	*
1119	2014-03-21 09:40:11.898	*	*	*	*	76.25	154000
1120	2014-03-21 09:40:20.140	*	*	*	*	76.25	138000
1121	2014-03-21 09:40:24.141	*	*	*	*	76.25	154000
1122	2014-03-21 09:40:24.971	76.25	800	*	*	*	*
1123	2014-03-21 09:40:24.971	*	*	*	*	76.25	153200
1124	2014-03-21 09:40:25.705	*	*	76.2	10000	*	*
1125	2014-03-21 09:40:25.780	*	*	76.2	11600	*	*
1126	2014-03-21 09:40:27.897	76.2	2400	*	*	*	*
1127	2014-03-21 09:40:27.897	*	*	76.2	9200	*	*
1128	2014-03-21 09:40:32.586	76.25	400	*	*	*	*
1129	2014-03-21 09:40:32.586	*	*	*	*	76.25	152800
1130	2014-03-21 09:40:32.586	*	*	76.2	11600	*	*
1131	2014-03-21 09:40:32.611	76.25	400	*	*	*	*
1132	2014-03-21 09:40:32.611	*	*	*	*	76.25	152400
1133	2014-03-21 09:40:36.196	*	*	*	*	76.25	154400
1134	2014-03-21 09:40:37.241	76.25	400	*	*	*	*
1135	2014-03-21 09:40:37.241	*	*	*	*	76.25	154000
1136	2014-03-21 09:40:38.184	*	*	*	*	76.25	153600
1137	2014-03-21 09:40:39.649	76.25	400	*	*	*	*
1138	2014-03-21 09:40:39.649	*	*	*	*	76.25	153200
1139	2014-03-21 09:40:40.305	*	*	76.2	12400	*	*
1140	2014-03-21 09:40:43.418	*	*	76.2	16400	*	*
1141	2014-03-21 09:40:47.333	76.25	400	*	*	*	*
1142	2014-03-21 09:40:47.333	*	*	*	*	76.25	152800
1143	2014-03-21 09:40:48.128	*	*	76.2	32400	*	*
1144	2014-03-21 09:40:49.833	*	*	*	*	76.25	154800
1145	2014-03-21 09:40:50.018	*	*	76.2	32800	*	*
1146	2014-03-21 09:40:59.939	*	*	*	*	76.25	155600
1147	2014-03-21 09:41:00.975	*	*	76.2	36400	*	*
1148	2014-03-21 09:41:03.343	76.2	7600	*	*	*	*
1149	2014-03-21 09:41:03.343	76.2	1600	*	*	*	*
1150	2014-03-21 09:41:03.343	76.2	800	*	*	*	*
1151	2014-03-21 09:41:03.343	*	*	76.2	26400	*	*
1152	2014-03-21 09:41:03.347	76.25	800	*	*	*	*
1153	2014-03-21 09:41:03.347	*	*	*	*	76.25	154800
1154	2014-03-21 09:41:03.352	76.25	400	*	*	*	*
1155	2014-03-21 09:41:03.352	*	*	*	*	76.25	154400
1156	2014-03-21 09:41:05.506	*	*	*	*	76.25	166800
1157	2014-03-21 09:41:12.097	*	*	*	*	76.25	150800
1158	2014-03-21 09:41:15.021	76.25	800	*	*	*	*
1159	2014-03-21 09:41:15.021	*	*	*	*	76.25	150000
1160	2014-03-21 09:41:15.546	*	*	76.2	27200	*	*
1161	2014-03-21 09:41:16.677	*	*	*	*	76.25	165600
1162	2014-03-21 09:41:17.237	*	*	76.2	28000	*	*
1163	2014-03-21 09:41:23.642	*	*	*	*	76.25	166000
1164	2014-03-21 09:41:25.236	*	*	76.2	28400	*	*
1165	2014-03-21 09:41:26.199	*	*	*	*	76.25	164000
1166	2014-03-21 09:41:26.200	*	*	*	*	76.25	162400
1167	2014-03-21 09:41:30.750	*	*	76.2	27600	*	*
1168	2014-03-21 09:41:30.750	76.25	800	*	*	*	*
1169	2014-03-21 09:41:30.750	*	*	*	*	76.25	161600
1170	2014-03-21 09:41:32.421	*	*	*	*	76.25	177600
1171	2014-03-21 09:41:33.569	*	*	*	*	76.25	181200
1172	2014-03-21 09:41:33.618	*	*	76.2	11600	*	*
1173	2014-03-21 09:41:33.910	*	*	76.2	12000	*	*
1174	2014-03-21 09:41:34.326	76.25	400	*	*	*	*
1175	2014-03-21 09:41:34.326	*	*	*	*	76.25	180800
1176	2014-03-21 09:41:36.227	*	*	*	*	76.25	181200
1177	2014-03-21 09:41:37.141	*	*	*	*	76.25	183200
1178	2014-03-21 09:41:40.950	76.25	1200	*	*	*	*
1179	2014-03-21 09:41:40.950	*	*	*	*	76.25	182000
1180	2014-03-21 09:41:40.954	76.25	400	*	*	*	*
1181	2014-03-21 09:41:40.954	*	*	*	*	76.25	181600
1182	2014-03-21 09:41:41.692	*	*	*	*	76.25	182000
1183	2014-03-21 09:41:43.343	*	*	76.2	12400	*	*
1184	2014-03-21 09:41:44.056	*	*	76.2	12800	*	*
1185	2014-03-21 09:41:44.333	76.25	400	*	*	*	*
1186	2014-03-21 09:41:44.333	*	*	*	*	76.25	181600
1187	2014-03-21 09:41:44.343	*	*	76.2	14400	*	*
1188	2014-03-21 09:41:45.821	*	*	*	*	76.25	203600
1189	2014-03-21 09:41:46.242	*	*	76.2	16400	*	*
1190	2014-03-21 09:41:47.193	*	*	*	*	76.25	207600
1191	2014-03-21 09:41:47.763	*	*	*	*	76.25	210000
1192	2014-03-21 09:41:47.764	*	*	*	*	76.25	212000
1193	2014-03-21 09:41:48.019	*	*	*	*	76.25	214000
1194	2014-03-21 09:41:53.605	76.25	2800	*	*	*	*
1195	2014-03-21 09:41:53.605	*	*	*	*	76.25	211200
1196	2014-03-21 09:41:59.843	76.25	400	*	*	*	*
1197	2014-03-21 09:41:59.843	*	*	*	*	76.25	210800
1198	2014-03-21 09:41:59.861	76.25	400	*	*	*	*
1199	2014-03-21 09:41:59.861	*	*	*	*	76.25	210400
1200	2014-03-21 09:42:01.447	*	*	76.2	17600	*	*
1201	2014-03-21 09:42:02.909	*	*	*	*	76.25	210800
1202	2014-03-21 09:42:03.723	*	*	76.2	13600	*	*
1203	2014-03-21 09:42:06.645	*	*	76.2	12800	*	*
1204	2014-03-21 09:42:06.665	76.25	800	*	*	*	*
1205	2014-03-21 09:42:06.665	*	*	*	*	76.25	210000
1206	2014-03-21 09:42:07.643	*	*	76.2	13200	*	*
1207	2014-03-21 09:42:08.394	76.2	1600	*	*	*	*
1208	2014-03-21 09:42:08.394	76.2	400	*	*	*	*
1209	2014-03-21 09:42:08.394	76.2	1200	*	*	*	*
1210	2014-03-21 09:42:08.394	*	*	76.2	10000	*	*
1211	2014-03-21 09:42:08.398	*	*	*	*	76.25	221600
1212	2014-03-21 09:42:08.505	*	*	*	*	76.25	222800
1213	2014-03-21 09:42:09.465	*	*	76.2	9600	*	*
1214	2014-03-21 09:42:09.479	76.2	2400	*	*	*	*
1215	2014-03-21 09:42:09.479	76.2	800	*	*	*	*
1216	2014-03-21 09:42:09.479	76.2	400	*	*	*	*
1217	2014-03-21 09:42:09.479	76.2	400	*	*	*	*
1218	2014-03-21 09:42:09.479	76.2	400	*	*	*	*
1219	2014-03-21 09:42:09.479	76.2	400	*	*	*	*
1220	2014-03-21 09:42:09.479	76.2	1600	*	*	*	*
1221	2014-03-21 09:42:09.479	76.2	2000	*	*	*	*
1222	2014-03-21 09:42:09.479	76.2	1200	*	*	*	*
1223	2014-03-21 09:42:09.479	*	*	76.15	32000	*	*
1224	2014-03-21 09:42:09.481	*	*	*	*	76.25	211200
1225	2014-03-21 09:42:09.574	*	*	*	*	76.25	215200
1226	2014-03-21 09:42:09.666	*	*	76.15	31200	*	*
1227	2014-03-21 09:42:09.732	*	*	76.2	3200	*	*
1228	2014-03-21 09:42:09.746	76.2	3200	*	*	*	*
1229	2014-03-21 09:42:09.746	*	*	76.15	31200	*	*
1230	2014-03-21 09:42:11.414	*	*	*	*	76.25	235600
1231	2014-03-21 09:42:13.374	*	*	76.2	2000	*	*
1232	2014-03-21 09:42:13.387	76.2	2000	*	*	*	*
1233	2014-03-21 09:42:13.387	*	*	76.15	31200	*	*
1234	2014-03-21 09:42:13.477	*	*	*	*	76.25	239600
1235	2014-03-21 09:42:13.614	*	*	*	*	76.25	235600
1236	2014-03-21 09:42:17.174	*	*	76.2	800	*	*
1237	2014-03-21 09:42:17.178	*	*	*	*	76.25	246400
1238	2014-03-21 09:42:17.185	76.2	800	*	*	*	*
1239	2014-03-21 09:42:17.185	*	*	76.15	31200	*	*
1240	2014-03-21 09:42:17.188	*	*	*	*	76.2	800
1241	2014-03-21 09:42:17.190	*	*	*	*	76.2	1600
1242	2014-03-21 09:42:17.204	*	*	*	*	76.2	2000
1243	2014-03-21 09:42:17.208	*	*	*	*	76.2	3600
1244	2014-03-21 09:42:17.210	*	*	*	*	76.2	19600
1245	2014-03-21 09:42:17.212	*	*	*	*	76.2	41600
1246	2014-03-21 09:42:17.215	*	*	*	*	76.2	41200
1247	2014-03-21 09:42:17.224	*	*	*	*	76.2	57200
1248	2014-03-21 09:42:17.228	76.2	800	*	*	*	*
1249	2014-03-21 09:42:17.228	76.2	800	*	*	*	*
1250	2014-03-21 09:42:17.228	76.2	400	*	*	*	*
1251	2014-03-21 09:42:17.228	*	*	*	*	76.2	55200
1252	2014-03-21 09:42:17.235	*	*	*	*	76.2	56400
1253	2014-03-21 09:42:17.249	*	*	*	*	76.2	55200
1254	2014-03-21 09:42:17.250	*	*	*	*	76.2	59200
1255	2014-03-21 09:42:19.217	*	*	*	*	76.2	59600
1256	2014-03-21 09:42:21.554	*	*	*	*	76.2	74800
1257	2014-03-21 09:42:23.473	*	*	*	*	76.2	75200
1258	2014-03-21 09:42:23.950	76.15	17200	*	*	*	*
1259	2014-03-21 09:42:23.950	76.15	800	*	*	*	*
1260	2014-03-21 09:42:23.950	76.15	800	*	*	*	*
1261	2014-03-21 09:42:23.950	76.15	400	*	*	*	*
1262	2014-03-21 09:42:23.950	76.15	400	*	*	*	*
1263	2014-03-21 09:42:23.950	76.15	1200	*	*	*	*
1264	2014-03-21 09:42:23.950	*	*	76.15	10400	*	*
1265	2014-03-21 09:42:23.955	76.2	2000	*	*	*	*
1266	2014-03-21 09:42:23.955	*	*	*	*	76.2	73200
1267	2014-03-21 09:42:23.959	76.2	400	*	*	*	*
1268	2014-03-21 09:42:23.959	*	*	*	*	76.2	72800
1269	2014-03-21 09:42:24.376	76.2	800	*	*	*	*
1270	2014-03-21 09:42:24.376	*	*	*	*	76.2	72000
1271	2014-03-21 09:42:25.584	76.15	1200	*	*	*	*
1272	2014-03-21 09:42:25.584	76.15	4000	*	*	*	*
1273	2014-03-21 09:42:25.584	76.15	800	*	*	*	*
1274	2014-03-21 09:42:25.584	76.15	400	*	*	*	*
1275	2014-03-21 09:42:25.584	76.15	4000	*	*	*	*
1276	2014-03-21 09:42:25.584	*	*	76.1	60800	76.15	10400
1277	2014-03-21 09:42:25.590	76.15	1200	*	*	*	*
1278	2014-03-21 09:42:25.590	*	*	*	*	76.15	9200
1279	2014-03-21 09:42:25.613	*	*	*	*	76.15	25200
1280	2014-03-21 09:42:25.695	*	*	*	*	76.15	26400
1281	2014-03-21 09:42:25.697	*	*	*	*	76.15	30400
1282	2014-03-21 09:42:28.647	*	*	*	*	76.15	33600
1283	2014-03-21 09:42:32.897	76.15	400	*	*	*	*
1284	2014-03-21 09:42:32.897	*	*	*	*	76.15	33200
1285	2014-03-21 09:42:33.577	76.15	400	*	*	*	*
1286	2014-03-21 09:42:33.577	*	*	*	*	76.15	32800
1287	2014-03-21 09:42:33.610	*	*	*	*	76.15	33200
1288	2014-03-21 09:42:41.175	76.15	2000	*	*	*	*
1289	2014-03-21 09:42:41.175	*	*	*	*	76.15	31200
1290	2014-03-21 09:42:41.179	76.15	400	*	*	*	*
1291	2014-03-21 09:42:41.179	*	*	*	*	76.15	30800
1292	2014-03-21 09:42:42.770	76.15	400	*	*	*	*
1293	2014-03-21 09:42:42.770	*	*	*	*	76.15	30400
1294	2014-03-21 09:42:46.187	*	*	76.1	76800	*	*
1295	2014-03-21 09:42:47.959	76.15	5600	*	*	*	*
1296	2014-03-21 09:42:47.959	76.15	16000	*	*	*	*
1297	2014-03-21 09:42:47.959	76.15	1200	*	*	*	*
1298	2014-03-21 09:42:47.959	76.15	4000	*	*	*	*
1299	2014-03-21 09:42:47.959	76.15	3200	*	*	*	*
1300	2014-03-21 09:42:47.959	76.15	400	*	*	*	*
1301	2014-03-21 09:42:47.959	*	*	76.15	32400	76.2	34800
1302	2014-03-21 09:42:47.964	76.2	2800	*	*	*	*
1303	2014-03-21 09:42:47.964	*	*	*	*	76.2	32000
1304	2014-03-21 09:42:47.985	*	*	*	*	76.2	41600
1305	2014-03-21 09:42:48.005	76.2	400	*	*	*	*
1306	2014-03-21 09:42:48.005	*	*	*	*	76.2	41200
1307	2014-03-21 09:42:49.775	76.2	800	*	*	*	*
1308	2014-03-21 09:42:49.775	*	*	*	*	76.2	40400
1309	2014-03-21 09:42:55.668	*	*	*	*	76.2	42400
1310	2014-03-21 09:42:58.689	*	*	*	*	76.2	58000
1311	2014-03-21 09:43:00.905	*	*	76.15	33200	*	*
1312	2014-03-21 09:43:06.991	*	*	*	*	76.2	58400
1313	2014-03-21 09:43:15.541	76.15	2000	*	*	*	*
1314	2014-03-21 09:43:15.541	*	*	76.15	31200	*	*
1315	2014-03-21 09:43:15.546	76.2	400	*	*	*	*
1316	2014-03-21 09:43:15.546	*	*	*	*	76.2	58000
1317	2014-03-21 09:43:15.782	76.2	400	*	*	*	*
1318	2014-03-21 09:43:15.782	*	*	*	*	76.2	57600
1319	2014-03-21 09:43:17.405	*	*	76.15	47200	*	*
1320	2014-03-21 09:43:17.431	*	*	*	*	76.2	49600
1321	2014-03-21 09:43:17.515	*	*	*	*	76.2	50000
1322	2014-03-21 09:43:17.908	*	*	76.15	47600	*	*
1323	2014-03-21 09:43:24.006	76.2	400	*	*	*	*
1324	2014-03-21 09:43:24.006	*	*	*	*	76.2	49600
1325	2014-03-21 09:43:24.027	*	*	*	*	76.2	50000
1326	2014-03-21 09:43:31.400	*	*	*	*	76.2	49600
1327	2014-03-21 09:43:34.283	76.2	4800	*	*	*	*
1328	2014-03-21 09:43:34.283	*	*	*	*	76.2	44800
1329	2014-03-21 09:43:34.287	76.2	400	*	*	*	*
1330	2014-03-21 09:43:34.287	*	*	*	*	76.2	44400
1331	2014-03-21 09:43:34.293	76.2	400	*	*	*	*
1332	2014-03-21 09:43:34.293	*	*	*	*	76.2	44000
1333	2014-03-21 09:43:36.124	76.15	2000	*	*	*	*
1334	2014-03-21 09:43:36.124	*	*	76.15	45600	*	*
1335	2014-03-21 09:43:36.550	76.2	800	*	*	*	*
1336	2014-03-21 09:43:36.550	*	*	*	*	76.2	43200
1337	2014-03-21 09:43:37.996	76.2	800	*	*	*	*
1338	2014-03-21 09:43:37.996	*	*	*	*	76.2	42400
1339	2014-03-21 09:43:38.007	76.2	400	*	*	*	*
1340	2014-03-21 09:43:38.007	*	*	*	*	76.2	42000
1341	2014-03-21 09:43:39.680	76.2	400	*	*	*	*
1342	2014-03-21 09:43:39.680	*	*	*	*	76.2	41600
1343	2014-03-21 09:43:40.345	76.2	800	*	*	*	*
1344	2014-03-21 09:43:40.345	*	*	*	*	76.2	40800
1345	2014-03-21 09:43:49.728	76.2	400	*	*	*	*
1346	2014-03-21 09:43:49.728	*	*	*	*	76.2	40400
1347	2014-03-21 09:43:52.778	76.2	1600	*	*	*	*
1348	2014-03-21 09:43:52.778	*	*	*	*	76.2	38800
1349	2014-03-21 09:43:57.162	76.2	400	*	*	*	*
1350	2014-03-21 09:43:57.162	*	*	*	*	76.2	38400
1351	2014-03-21 09:43:57.207	76.2	400	*	*	*	*
1352	2014-03-21 09:43:57.207	*	*	*	*	76.2	38000
1353	2014-03-21 09:43:57.901	*	*	*	*	76.2	37600
1354	2014-03-21 09:43:58.260	76.2	800	*	*	*	*
1355	2014-03-21 09:43:58.260	*	*	*	*	76.2	36800
1356	2014-03-21 09:43:58.661	*	*	*	*	76.2	52800
1357	2014-03-21 09:43:58.843	76.2	800	*	*	*	*
1358	2014-03-21 09:43:58.843	*	*	*	*	76.2	52000
1359	2014-03-21 09:43:59.819	76.2	2000	*	*	*	*
1360	2014-03-21 09:43:59.819	76.2	2000	*	*	*	*
1361	2014-03-21 09:43:59.819	*	*	*	*	76.2	48000
1362	2014-03-21 09:43:59.833	76.2	400	*	*	*	*
1363	2014-03-21 09:43:59.833	*	*	*	*	76.2	47600
1364	2014-03-21 09:44:00.141	76.2	400	*	*	*	*
1365	2014-03-21 09:44:00.141	76.2	400	*	*	*	*
1366	2014-03-21 09:44:00.141	*	*	*	*	76.2	46800
1367	2014-03-21 09:44:01.859	76.2	400	*	*	*	*
1368	2014-03-21 09:44:01.859	*	*	*	*	76.2	46400
1369	2014-03-21 09:44:01.930	*	*	*	*	76.2	49200
1370	2014-03-21 09:44:02.215	76.2	800	*	*	*	*
1371	2014-03-21 09:44:02.215	*	*	*	*	76.2	48400
1372	2014-03-21 09:44:02.219	76.2	400	*	*	*	*
1373	2014-03-21 09:44:02.219	*	*	*	*	76.2	48000
1374	2014-03-21 09:44:03.463	*	*	76.15	46000	*	*
1375	2014-03-21 09:44:04.361	76.2	800	*	*	*	*
1376	2014-03-21 09:44:04.361	*	*	*	*	76.2	47200
1377	2014-03-21 09:44:09.136	76.2	152	*	*	*	*
1378	2014-03-21 09:44:10.790	*	*	76.15	46400	*	*
1379	2014-03-21 09:44:10.990	*	*	76.15	45600	*	*
1380	2014-03-21 09:44:11.008	76.2	400	*	*	*	*
1381	2014-03-21 09:44:11.008	76.2	400	*	*	*	*
1382	2014-03-21 09:44:11.008	*	*	*	*	76.2	46400
1383	2014-03-21 09:44:12.210	*	*	76.15	46000	*	*
1384	2014-03-21 09:44:13.084	*	*	*	*	76.2	51200
1385	2014-03-21 09:44:15.902	76.2	1600	*	*	*	*
1386	2014-03-21 09:44:15.902	*	*	*	*	76.2	49600
1387	2014-03-21 09:44:15.921	76.2	400	*	*	*	*
1388	2014-03-21 09:44:15.921	*	*	*	*	76.2	49200
1389	2014-03-21 09:44:17.303	*	*	*	*	76.2	33200
1390	2014-03-21 09:44:18.152	*	*	*	*	76.2	30800
1391	2014-03-21 09:44:18.163	*	*	76.15	47600	*	*
1392	2014-03-21 09:44:22.289	76.2	1600	*	*	*	*
1393	2014-03-21 09:44:22.289	*	*	*	*	76.2	29200
1394	2014-03-21 09:44:22.424	*	*	*	*	76.2	29600
1395	2014-03-21 09:44:25.741	76.2	2000	*	*	*	*
1396	2014-03-21 09:44:25.741	*	*	*	*	76.2	27600
1397	2014-03-21 09:44:25.745	76.2	400	*	*	*	*
1398	2014-03-21 09:44:25.745	*	*	*	*	76.2	27200
1399	2014-03-21 09:44:32.120	76.2	1200	*	*	*	*
1400	2014-03-21 09:44:32.120	*	*	*	*	76.2	26000
1401	2014-03-21 09:44:36.794	76.2	2000	*	*	*	*
1402	2014-03-21 09:44:36.794	*	*	*	*	76.2	24000
1403	2014-03-21 09:44:40.575	76.2	400	*	*	*	*
1404	2014-03-21 09:44:40.575	*	*	*	*	76.2	23600
1405	2014-03-21 09:44:40.618	76.2	400	*	*	*	*
1406	2014-03-21 09:44:40.618	*	*	*	*	76.2	23200
1407	2014-03-21 09:44:51.037	76.15	16000	*	*	*	*
1408	2014-03-21 09:44:51.037	*	*	76.15	31600	*	*
1409	2014-03-21 09:44:51.042	76.2	1200	*	*	*	*
1410	2014-03-21 09:44:51.042	76.2	400	*	*	*	*
1411	2014-03-21 09:44:51.042	*	*	*	*	76.2	21600
1412	2014-03-21 09:44:51.456	*	*	*	*	76.2	37600
1413	2014-03-21 09:44:51.827	*	*	*	*	76.2	38400
1414	2014-03-21 09:44:52.625	*	*	*	*	76.2	43200
1415	2014-03-21 09:44:53.798	*	*	*	*	76.2	43600
1416	2014-03-21 09:44:53.800	*	*	*	*	76.2	27600
1417	2014-03-21 09:44:58.933	76.2	4000	*	*	*	*
1418	2014-03-21 09:44:58.933	*	*	*	*	76.2	23600
1419	2014-03-21 09:44:58.937	76.2	400	*	*	*	*
1420	2014-03-21 09:44:58.937	*	*	*	*	76.2	23200
1421	2014-03-21 09:45:03.780	*	*	*	*	76.2	20800
1422	2014-03-21 09:45:03.980	76.2	400	*	*	*	*
1423	2014-03-21 09:45:03.980	*	*	*	*	76.2	20400
1424	2014-03-21 09:45:12.780	76.2	800	*	*	*	*
1425	2014-03-21 09:45:12.780	*	*	*	*	76.2	19600
1426	2014-03-21 09:45:13.258	*	*	76.15	31200	*	*
1427	2014-03-21 09:45:13.274	76.2	400	*	*	*	*
1428	2014-03-21 09:45:13.274	*	*	*	*	76.2	19200
1429	2014-03-21 09:45:13.279	76.2	400	*	*	*	*
1430	2014-03-21 09:45:13.279	*	*	*	*	76.2	18800
1431	2014-03-21 09:45:14.441	*	*	76.15	32000	*	*
1432	2014-03-21 09:45:18.079	76.2	4000	*	*	*	*
1433	2014-03-21 09:45:18.079	*	*	*	*	76.2	14800
1434	2014-03-21 09:45:18.085	76.2	400	*	*	*	*
1435	2014-03-21 09:45:18.085	*	*	*	*	76.2	14400
1436	2014-03-21 09:45:22.304	76.2	1200	*	*	*	*
1437	2014-03-21 09:45:22.304	*	*	*	*	76.2	13200
1438	2014-03-21 09:45:22.570	*	*	76.15	32400	*	*
1439	2014-03-21 09:45:23.097	76.2	1200	*	*	*	*
1440	2014-03-21 09:45:23.097	*	*	*	*	76.2	12000
1441	2014-03-21 09:45:23.861	*	*	76.15	33200	*	*
1442	2014-03-21 09:45:23.918	76.2	1200	*	*	*	*
1443	2014-03-21 09:45:23.918	*	*	*	*	76.2	10800
1444	2014-03-21 09:45:23.922	76.2	400	*	*	*	*
1445	2014-03-21 09:45:23.922	*	*	*	*	76.2	10400
1446	2014-03-21 09:45:27.005	*	*	76.15	33600	*	*
1447	2014-03-21 09:45:29.163	*	*	76.15	34400	*	*
1448	2014-03-21 09:45:30.373	*	*	*	*	76.2	12000
1449	2014-03-21 09:45:39.196	*	*	*	*	76.2	12400
1450	2014-03-21 09:45:39.214	76.2	400	*	*	*	*
1451	2014-03-21 09:45:39.214	76.2	400	*	*	*	*
1452	2014-03-21 09:45:39.214	76.2	400	*	*	*	*
1453	2014-03-21 09:45:39.214	76.2	400	*	*	*	*
1454	2014-03-21 09:45:39.214	*	*	*	*	76.2	10800
1455	2014-03-21 09:45:39.221	*	*	76.15	34000	*	*
1456	2014-03-21 09:45:42.312	76.2	400	*	*	*	*
1457	2014-03-21 09:45:42.312	*	*	*	*	76.2	10400
1458	2014-03-21 09:45:46.490	76.2	400	*	*	*	*
1459	2014-03-21 09:45:46.490	*	*	*	*	76.2	10000
1460	2014-03-21 09:45:47.263	76.15	10000	*	*	*	*
1461	2014-03-21 09:45:47.263	*	*	76.15	24000	*	*
1462	2014-03-21 09:45:47.267	76.2	1200	*	*	*	*
1463	2014-03-21 09:45:47.267	*	*	*	*	76.2	8800
1464	2014-03-21 09:45:56.334	76.2	400	*	*	*	*
1465	2014-03-21 09:45:56.334	*	*	*	*	76.2	8400
1466	2014-03-21 09:45:57.724	76.2	800	*	*	*	*
1467	2014-03-21 09:45:57.724	*	*	*	*	76.2	7600
1468	2014-03-21 09:45:57.942	*	*	76.15	44000	*	*
1469	2014-03-21 09:46:04.111	*	*	*	*	76.2	23600
1470	2014-03-21 09:46:04.618	*	*	*	*	76.2	28800
1471	2014-03-21 09:46:06.128	*	*	*	*	76.2	29200
1472	2014-03-21 09:46:12.110	*	*	76.15	45200	*	*
1473	2014-03-21 09:46:12.493	76.2	400	*	*	*	*
1474	2014-03-21 09:46:12.493	*	*	*	*	76.2	28800
1475	2014-03-21 09:46:12.497	76.2	400	*	*	*	*
1476	2014-03-21 09:46:12.497	*	*	*	*	76.2	28400
1477	2014-03-21 09:46:17.220	*	*	*	*	76.2	12400
1478	2014-03-21 09:46:21.635	*	*	*	*	76.2	12000
1479	2014-03-21 09:46:21.637	*	*	*	*	76.2	28000
1480	2014-03-21 09:46:23.603	*	*	*	*	76.2	12000
1481	2014-03-21 09:46:27.483	*	*	76.15	44400	*	*
1482	2014-03-21 09:46:27.498	76.2	800	*	*	*	*
1483	2014-03-21 09:46:27.498	*	*	*	*	76.2	11200
1484	2014-03-21 09:46:27.685	76.2	400	*	*	*	*
1485	2014-03-21 09:46:27.685	76.2	800	*	*	*	*
1486	2014-03-21 09:46:27.685	76.2	1600	*	*	*	*
1487	2014-03-21 09:46:27.685	*	*	*	*	76.2	8400
1488	2014-03-21 09:46:27.689	76.2	400	*	*	*	*
1489	2014-03-21 09:46:27.689	*	*	*	*	76.2	8000
1490	2014-03-21 09:46:27.893	*	*	76.15	45200	*	*
1491	2014-03-21 09:46:28.388	76.15	800	*	*	*	*
1492	2014-03-21 09:46:28.388	*	*	76.15	44400	*	*
1493	2014-03-21 09:46:31.550	76.2	400	*	*	*	*
1494	2014-03-21 09:46:31.550	*	*	*	*	76.2	7600
1495	2014-03-21 09:46:32.684	76.2	400	*	*	*	*
1496	2014-03-21 09:46:32.684	*	*	*	*	76.2	7200
1497	2014-03-21 09:46:39.275	*	*	76.15	1044400	*	*
1498	2014-03-21 09:46:39.381	76.2	1200	*	*	*	*
1499	2014-03-21 09:46:39.381	*	*	*	*	76.2	6000
1500	2014-03-21 09:46:47.138	*	*	*	*	76.2	6400
1501	2014-03-21 09:46:51.756	76.2	400	*	*	*	*
1502	2014-03-21 09:46:51.756	*	*	*	*	76.2	6000
1503	2014-03-21 09:46:53.240	76.2	400	*	*	*	*
1504	2014-03-21 09:46:53.240	76.2	400	*	*	*	*
1505	2014-03-21 09:46:53.240	*	*	*	*	76.2	5200
1506	2014-03-21 09:46:53.245	76.2	400	*	*	*	*
1507	2014-03-21 09:46:53.245	*	*	*	*	76.2	4800
1508	2014-03-21 09:47:02.901	76.2	800	*	*	*	*
1509	2014-03-21 09:47:02.901	*	*	*	*	76.2	4000
1510	2014-03-21 09:47:07.279	76.2	400	*	*	*	*
1511	2014-03-21 09:47:07.279	*	*	*	*	76.2	3600
1512	2014-03-21 09:47:07.908	76.2	400	*	*	*	*
1513	2014-03-21 09:47:07.908	*	*	*	*	76.2	3200
1514	2014-03-21 09:47:08.299	76.2	1200	*	*	*	*
1515	2014-03-21 09:47:08.299	*	*	*	*	76.2	2000
1516	2014-03-21 09:47:09.192	76.2	800	*	*	*	*
1517	2014-03-21 09:47:09.192	*	*	*	*	76.2	1200
1518	2014-03-21 09:47:09.216	76.2	400	*	*	*	*
1519	2014-03-21 09:47:09.216	*	*	*	*	76.2	800
1520	2014-03-21 09:47:12.142	76.2	400	*	*	*	*
1521	2014-03-21 09:47:12.142	76.2	400	*	*	*	*
1522	2014-03-21 09:47:12.142	*	*	76.2	400	76.25	159600
1523	2014-03-21 09:47:14.220	*	*	76.2	2000	*	*
1524	2014-03-21 09:47:15.042	76.25	800	*	*	*	*
1525	2014-03-21 09:47:15.042	*	*	*	*	76.25	158800
1526	2014-03-21 09:47:15.111	76.25	400	*	*	*	*
1527	2014-03-21 09:47:15.111	*	*	*	*	76.25	158400
1528	2014-03-21 09:47:15.112	*	*	76.2	2800	*	*
1529	2014-03-21 09:47:15.133	*	*	76.2	3200	*	*
1530	2014-03-21 09:47:15.593	76.2	400	*	*	*	*
1531	2014-03-21 09:47:15.593	76.2	1600	*	*	*	*
1532	2014-03-21 09:47:15.593	76.2	800	*	*	*	*
1533	2014-03-21 09:47:15.593	76.2	400	*	*	*	*
1534	2014-03-21 09:47:15.593	*	*	76.15	1043200	76.2	800
1535	2014-03-21 09:47:15.605	*	*	*	*	76.2	3200
1536	2014-03-21 09:47:15.611	76.2	400	*	*	*	*
1537	2014-03-21 09:47:15.611	*	*	*	*	76.2	2800
1538	2014-03-21 09:47:15.834	76.2	400	*	*	*	*
1539	2014-03-21 09:47:15.834	*	*	*	*	76.2	2400
1540	2014-03-21 09:47:16.605	*	*	*	*	76.2	2800
1541	2014-03-21 09:47:17.948	76.2	2000	*	*	*	*
1542	2014-03-21 09:47:17.948	*	*	*	*	76.2	800
1543	2014-03-21 09:47:17.953	76.2	400	*	*	*	*
1544	2014-03-21 09:47:17.953	*	*	*	*	76.2	400
1545	2014-03-21 09:47:20.094	76.2	400	*	*	*	*
1546	2014-03-21 09:47:20.094	*	*	*	*	76.25	158400
1547	2014-03-21 09:47:24.625	*	*	*	*	76.25	158800
1548	2014-03-21 09:47:30.907	*	*	*	*	76.25	159200
1549	2014-03-21 09:47:32.286	*	*	*	*	76.2	30000
1550	2014-03-21 09:47:33.270	76.2	1600	*	*	*	*
1551	2014-03-21 09:47:33.270	*	*	*	*	76.2	28400
1552	2014-03-21 09:47:35.408	76.2	800	*	*	*	*
1553	2014-03-21 09:47:35.408	*	*	*	*	76.2	27600
1554	2014-03-21 09:47:35.414	76.2	400	*	*	*	*
1555	2014-03-21 09:47:35.414	*	*	*	*	76.2	27200
1556	2014-03-21 09:47:35.867	*	*	*	*	76.2	31600
1557	2014-03-21 09:47:36.089	76.2	2000	*	*	*	*
1558	2014-03-21 09:47:36.089	*	*	*	*	76.2	29600
1559	2014-03-21 09:47:38.836	*	*	*	*	76.2	30000
1560	2014-03-21 09:47:42.545	*	*	76.15	1042400	*	*
1561	2014-03-21 09:47:42.601	76.2	800	*	*	*	*
1562	2014-03-21 09:47:42.601	*	*	*	*	76.2	29200
1563	2014-03-21 09:47:44.426	76.2	2000	*	*	*	*
1564	2014-03-21 09:47:44.426	*	*	*	*	76.2	27200
1565	2014-03-21 09:47:44.430	76.2	400	*	*	*	*
1566	2014-03-21 09:47:44.430	*	*	*	*	76.2	26800
1567	2014-03-21 09:47:49.147	*	*	76.15	1043200	*	*
1568	2014-03-21 09:47:53.720	*	*	76.15	1027200	*	*
1569	2014-03-21 09:47:57.378	*	*	*	*	76.2	27200
1570	2014-03-21 09:47:58.277	76.2	1200	*	*	*	*
1571	2014-03-21 09:47:58.277	*	*	*	*	76.2	26000
1572	2014-03-21 09:48:00.123	76.2	800	*	*	*	*
1573	2014-03-21 09:48:00.123	*	*	*	*	76.2	25200
1574	2014-03-21 09:48:00.902	*	*	76.15	1028000	*	*
1575	2014-03-21 09:48:01.033	76.2	400	*	*	*	*
1576	2014-03-21 09:48:01.033	*	*	*	*	76.2	24800
1577	2014-03-21 09:48:01.060	76.2	400	*	*	*	*
1578	2014-03-21 09:48:01.060	*	*	*	*	76.2	24400
1579	2014-03-21 09:48:01.082	76.2	800	*	*	*	*
1580	2014-03-21 09:48:01.082	*	*	*	*	76.2	23600
1581	2014-03-21 09:48:02.741	76.2	400	*	*	*	*
1582	2014-03-21 09:48:02.741	*	*	*	*	76.2	23200
1583	2014-03-21 09:48:04.593	76.2	400	*	*	*	*
1584	2014-03-21 09:48:04.593	*	*	*	*	76.2	22800
1585	2014-03-21 09:48:09.955	*	*	76.15	1044000	*	*
1586	2014-03-21 09:48:11.536	76.2	800	*	*	*	*
1587	2014-03-21 09:48:11.536	*	*	*	*	76.2	22000
1588	2014-03-21 09:48:12.033	*	*	*	*	76.2	22400
1589	2014-03-21 09:48:14.588	*	*	76.15	1044400	*	*
1590	2014-03-21 09:48:16.430	*	*	*	*	76.2	25200
1591	2014-03-21 09:48:16.538	76.2	400	*	*	*	*
1592	2014-03-21 09:48:16.538	*	*	*	*	76.2	24800
1593	2014-03-21 09:48:26.744	76.2	400	*	*	*	*
1594	2014-03-21 09:48:26.744	*	*	*	*	76.2	24400
1595	2014-03-21 09:48:28.586	*	*	*	*	76.2	26800
1596	2014-03-21 09:48:32.394	76.2	400	*	*	*	*
1597	2014-03-21 09:48:32.394	*	*	*	*	76.2	26400
1598	2014-03-21 09:48:32.405	76.2	400	*	*	*	*
1599	2014-03-21 09:48:32.405	*	*	*	*	76.2	26000
1600	2014-03-21 09:48:34.217	*	*	*	*	76.2	28000
1601	2014-03-21 09:48:34.218	*	*	*	*	76.2	30400
1602	2014-03-21 09:48:34.221	*	*	*	*	76.2	32400
1603	2014-03-21 09:48:34.942	76.2	400	*	*	*	*
1604	2014-03-21 09:48:34.942	*	*	*	*	76.2	32000
1605	2014-03-21 09:48:35.217	*	*	*	*	76.2	34000
1606	2014-03-21 09:48:35.220	*	*	*	*	76.2	36000
1607	2014-03-21 09:48:35.223	*	*	*	*	76.2	38000
1608	2014-03-21 09:48:36.607	76.2	400	*	*	*	*
1609	2014-03-21 09:48:36.607	*	*	*	*	76.2	37600
1610	2014-03-21 09:48:38.236	*	*	*	*	76.2	39600
1611	2014-03-21 09:48:39.743	76.2	400	*	*	*	*
1612	2014-03-21 09:48:39.743	*	*	*	*	76.2	39200
1613	2014-03-21 09:48:42.947	76.2	400	*	*	*	*
1614	2014-03-21 09:48:42.947	*	*	*	*	76.2	38800
1615	2014-03-21 09:48:46.151	76.2	800	*	*	*	*
1616	2014-03-21 09:48:46.151	*	*	*	*	76.2	38000
1617	2014-03-21 09:48:50.267	76.2	800	*	*	*	*
1618	2014-03-21 09:48:50.267	*	*	*	*	76.2	37200
1619	2014-03-21 09:48:51.090	76.2	2000	*	*	*	*
1620	2014-03-21 09:48:51.090	*	*	*	*	76.2	35200
1621	2014-03-21 09:48:51.093	76.2	400	*	*	*	*
1622	2014-03-21 09:48:51.093	*	*	*	*	76.2	34800
1623	2014-03-21 09:48:52.044	76.2	400	*	*	*	*
1624	2014-03-21 09:48:52.044	*	*	*	*	76.2	34400
1625	2014-03-21 09:48:53.996	*	*	76.15	1043600	*	*
1626	2014-03-21 09:48:54.012	76.2	800	*	*	*	*
1627	2014-03-21 09:48:54.012	*	*	*	*	76.2	33600
1628	2014-03-21 09:48:55.205	*	*	76.15	1044800	*	*
1629	2014-03-21 09:48:56.516	76.2	400	*	*	*	*
1630	2014-03-21 09:48:56.516	*	*	*	*	76.2	33200
1631	2014-03-21 09:49:00.913	*	*	76.15	1045200	*	*
1632	2014-03-21 09:49:02.255	76.2	400	*	*	*	*
1633	2014-03-21 09:49:02.255	*	*	*	*	76.2	32800
1634	2014-03-21 09:49:02.260	76.2	400	*	*	*	*
1635	2014-03-21 09:49:02.260	*	*	*	*	76.2	32400
1636	2014-03-21 09:49:04.365	76.2	800	*	*	*	*
1637	2014-03-21 09:49:04.365	*	*	*	*	76.2	31600
1638	2014-03-21 09:49:04.722	76.2	6400	*	*	*	*
1639	2014-03-21 09:49:04.722	76.2	4400	*	*	*	*
1640	2014-03-21 09:49:04.722	76.2	400	*	*	*	*
1641	2014-03-21 09:49:04.722	76.2	400	*	*	*	*
1642	2014-03-21 09:49:04.722	76.2	400	*	*	*	*
1643	2014-03-21 09:49:04.722	76.2	2800	*	*	*	*
1644	2014-03-21 09:49:04.722	76.2	2400	*	*	*	*
1645	2014-03-21 09:49:04.722	76.2	2000	*	*	*	*
1646	2014-03-21 09:49:04.722	76.2	2400	*	*	*	*
1647	2014-03-21 09:49:04.722	76.2	2000	*	*	*	*
1648	2014-03-21 09:49:04.722	76.2	2000	*	*	*	*
1649	2014-03-21 09:49:04.722	76.2	2000	*	*	*	*
1650	2014-03-21 09:49:04.722	76.2	2000	*	*	*	*
1651	2014-03-21 09:49:04.722	76.2	400	*	*	*	*
1652	2014-03-21 09:49:04.722	*	*	*	*	76.2	1600
1653	2014-03-21 09:49:04.728	76.2	1600	*	*	*	*
1654	2014-03-21 09:49:04.728	*	*	76.2	1200	76.25	158800
1655	2014-03-21 09:49:04.729	*	*	76.2	17200	*	*
1656	2014-03-21 09:49:04.870	*	*	76.2	16000	*	*
1657	2014-03-21 09:49:05.413	*	*	76.2	16400	*	*
1658	2014-03-21 09:49:06.208	*	*	76.2	18400	*	*
1659	2014-03-21 09:49:06.805	*	*	76.2	19600	*	*
1660	2014-03-21 09:49:07.124	76.2	2400	*	*	*	*
1661	2014-03-21 09:49:07.124	*	*	76.2	17200	*	*
1662	2014-03-21 09:49:14.064	76.25	1600	*	*	*	*
1663	2014-03-21 09:49:14.064	*	*	*	*	76.25	157200
1664	2014-03-21 09:49:14.068	76.25	400	*	*	*	*
1665	2014-03-21 09:49:14.068	*	*	*	*	76.25	156800
1666	2014-03-21 09:49:17.603	*	*	*	*	76.25	140800
1667	2014-03-21 09:49:18.265	*	*	76.2	18000	*	*
1668	2014-03-21 09:49:20.415	*	*	76.2	28000	*	*
1669	2014-03-21 09:49:26.631	*	*	76.2	48000	*	*
1670	2014-03-21 09:49:30.915	76.25	1200	*	*	*	*
1671	2014-03-21 09:49:30.915	*	*	*	*	76.25	139600
1672	2014-03-21 09:49:31.647	*	*	76.2	48400	*	*
1673	2014-03-21 09:49:34.545	*	*	*	*	76.25	155600
1674	2014-03-21 09:49:40.747	*	*	76.2	48800	*	*
1675	2014-03-21 09:49:42.331	*	*	76.2	35200	*	*
1676	2014-03-21 09:49:44.442	76.25	1200	*	*	*	*
1677	2014-03-21 09:49:44.442	*	*	*	*	76.25	154400
1678	2014-03-21 09:49:50.199	76.25	400	*	*	*	*
1679	2014-03-21 09:49:50.199	*	*	*	*	76.25	154000
1680	2014-03-21 09:49:50.206	76.25	400	*	*	*	*
1681	2014-03-21 09:49:50.206	*	*	*	*	76.25	153600
1682	2014-03-21 09:49:51.914	*	*	*	*	76.25	153200
1683	2014-03-21 09:49:59.412	*	*	76.2	39200	*	*
1684	2014-03-21 09:49:59.586	76.25	800	*	*	*	*
1685	2014-03-21 09:49:59.586	*	*	*	*	76.25	152400
1686	2014-03-21 09:49:59.605	*	*	76.2	19200	*	*
1687	2014-03-21 09:49:59.605	76.25	20000	*	*	*	*
1688	2014-03-21 09:49:59.605	*	*	*	*	76.25	132400
1689	2014-03-21 09:49:59.610	76.25	2000	*	*	*	*
1690	2014-03-21 09:49:59.610	*	*	*	*	76.25	130400
1691	2014-03-21 09:50:01.291	*	*	76.2	20000	*	*
1692	2014-03-21 09:50:02.201	76.25	1600	*	*	*	*
1693	2014-03-21 09:50:02.201	*	*	*	*	76.25	128800
1694	2014-03-21 09:50:02.209	76.25	400	*	*	*	*
1695	2014-03-21 09:50:02.209	*	*	*	*	76.25	128400
1696	2014-03-21 09:50:06.833	*	*	76.2	20800	*	*
1697	2014-03-21 09:50:06.940	*	*	*	*	76.25	128800
1698	2014-03-21 09:50:09.126	76.25	800	*	*	*	*
1699	2014-03-21 09:50:09.126	*	*	*	*	76.25	128000
1700	2014-03-21 09:50:16.465	*	*	76.2	21600	*	*
1701	2014-03-21 09:50:16.564	*	*	76.2	37600	*	*
1702	2014-03-21 09:50:16.582	*	*	*	*	76.25	128400
1703	2014-03-21 09:50:17.288	76.25	400	*	*	*	*
1704	2014-03-21 09:50:17.288	*	*	*	*	76.25	128000
1705	2014-03-21 09:50:19.086	*	*	76.2	38000	*	*
1706	2014-03-21 09:50:21.068	*	*	*	*	76.25	112000
1707	2014-03-21 09:50:26.757	76.25	400	*	*	*	*
1708	2014-03-21 09:50:26.757	*	*	*	*	76.25	111600
1709	2014-03-21 09:50:26.845	76.2	400	*	*	*	*
1710	2014-03-21 09:50:26.845	*	*	76.2	37600	*	*
1711	2014-03-21 09:50:28.405	*	*	76.2	36800	*	*
1712	2014-03-21 09:50:28.405	76.25	800	*	*	*	*
1713	2014-03-21 09:50:28.405	*	*	*	*	76.25	110800
1714	2014-03-21 09:50:28.417	76.25	400	*	*	*	*
1715	2014-03-21 09:50:28.417	*	*	*	*	76.25	110400
1716	2014-03-21 09:50:28.805	76.25	1200	*	*	*	*
1717	2014-03-21 09:50:28.805	*	*	*	*	76.25	109200
1718	2014-03-21 09:50:29.287	76.25	1200	*	*	*	*
1719	2014-03-21 09:50:29.287	*	*	*	*	76.25	108000
1720	2014-03-21 09:50:32.531	76.25	800	*	*	*	*
1721	2014-03-21 09:50:32.531	*	*	*	*	76.25	107200
1722	2014-03-21 09:50:47.183	*	*	76.2	36000	*	*
1723	2014-03-21 09:50:47.197	76.25	800	*	*	*	*
1724	2014-03-21 09:50:47.197	*	*	*	*	76.25	106400
1725	2014-03-21 09:50:47.208	76.25	400	*	*	*	*
1726	2014-03-21 09:50:47.208	*	*	*	*	76.25	106000
1727	2014-03-21 09:50:47.280	*	*	76.2	35600	*	*
1728	2014-03-21 09:50:50.654	*	*	76.2	39200	*	*
1729	2014-03-21 09:50:54.104	*	*	*	*	76.25	122000
1730	2014-03-21 09:50:56.270	76.25	800	*	*	*	*
1731	2014-03-21 09:50:56.270	*	*	*	*	76.25	121200
1732	2014-03-21 09:50:58.017	76.25	400	*	*	*	*
1733	2014-03-21 09:50:58.017	*	*	*	*	76.25	120800
1734	2014-03-21 09:50:59.207	*	*	76.2	23200	*	*
1735	2014-03-21 09:51:00.448	*	*	76.2	23600	*	*
1736	2014-03-21 09:51:00.698	*	*	*	*	76.25	119200
1737	2014-03-21 09:51:00.699	*	*	*	*	76.25	116800
1738	2014-03-21 09:51:00.763	*	*	*	*	76.25	119200
1739	2014-03-21 09:51:00.770	*	*	*	*	76.25	120800
1740	2014-03-21 09:51:03.209	*	*	76.2	25600	*	*
1741	2014-03-21 09:51:06.384	*	*	76.2	27600	*	*
1742	2014-03-21 09:51:07.996	*	*	*	*	76.25	121200
1743	2014-03-21 09:51:13.913	76.25	400	*	*	*	*
1744	2014-03-21 09:51:13.913	*	*	*	*	76.25	120800
1745	2014-03-21 09:51:19.051	*	*	76.2	37600	*	*
1746	2014-03-21 09:51:19.053	*	*	76.2	53600	*	*
1747	2014-03-21 09:51:20.684	76.25	800	*	*	*	*
1748	2014-03-21 09:51:20.684	*	*	*	*	76.25	120000
1749	2014-03-21 09:51:24.707	*	*	76.2	54000	*	*
1750	2014-03-21 09:51:24.926	*	*	*	*	76.25	120400
1751	2014-03-21 09:51:27.765	*	*	76.2	38000	*	*
1752	2014-03-21 09:51:28.229	76.25	3200	*	*	*	*
1753	2014-03-21 09:51:28.229	*	*	*	*	76.25	117200
1754	2014-03-21 09:51:28.233	76.25	400	*	*	*	*
1755	2014-03-21 09:51:28.233	*	*	*	*	76.25	116800
1756	2014-03-21 09:51:32.144	76.25	10000	*	*	*	*
1757	2014-03-21 09:51:32.144	*	*	*	*	76.25	106800
1758	2014-03-21 09:51:32.149	76.25	1200	*	*	*	*
1759	2014-03-21 09:51:32.149	*	*	*	*	76.25	105600
1760	2014-03-21 09:51:32.621	76.2	400	*	*	*	*
1761	2014-03-21 09:51:32.621	*	*	76.2	37600	*	*
1762	2014-03-21 09:51:33.158	*	*	76.2	38800	*	*
1763	2014-03-21 09:51:33.176	76.25	400	*	*	*	*
1764	2014-03-21 09:51:33.176	*	*	*	*	76.25	105200
1765	2014-03-21 09:51:35.165	*	*	76.2	39200	*	*
1766	2014-03-21 09:51:35.555	*	*	76.2	39600	*	*
1767	2014-03-21 09:51:36.078	*	*	76.2	40000	*	*
1768	2014-03-21 09:51:38.164	*	*	*	*	76.25	109200
1769	2014-03-21 09:51:40.175	*	*	*	*	76.25	111200
1770	2014-03-21 09:51:40.333	76.25	400	*	*	*	*
1771	2014-03-21 09:51:40.333	*	*	*	*	76.25	110800
1772	2014-03-21 09:51:42.078	76.25	400	*	*	*	*
1773	2014-03-21 09:51:42.078	*	*	*	*	76.25	110400
1774	2014-03-21 09:51:42.848	*	*	*	*	76.25	114800
1775	2014-03-21 09:51:43.174	*	*	*	*	76.25	118800
1776	2014-03-21 09:51:45.834	*	*	*	*	76.25	123200
1777	2014-03-21 09:51:45.835	*	*	*	*	76.25	125200
1778	2014-03-21 09:51:49.351	*	*	*	*	76.25	144400
1779	2014-03-21 09:51:49.604	76.25	400	*	*	*	*
1780	2014-03-21 09:51:49.604	*	*	*	*	76.25	144000
1781	2014-03-21 09:51:49.610	76.25	400	*	*	*	*
1782	2014-03-21 09:51:49.610	*	*	*	*	76.25	143600
1783	2014-03-21 09:51:50.110	*	*	*	*	76.25	144000
1784	2014-03-21 09:51:51.613	76.25	1200	*	*	*	*
1785	2014-03-21 09:51:51.613	*	*	*	*	76.25	142800
1786	2014-03-21 09:51:53.654	76.25	400	*	*	*	*
1787	2014-03-21 09:51:53.654	*	*	*	*	76.25	142400
1788	2014-03-21 09:51:57.729	*	*	76.2	56000	*	*
1789	2014-03-21 09:51:59.592	76.25	800	*	*	*	*
1790	2014-03-21 09:51:59.592	*	*	*	*	76.25	141600
1791	2014-03-21 09:52:01.195	76.25	800	*	*	*	*
1792	2014-03-21 09:52:01.195	*	*	*	*	76.25	140800
1793	2014-03-21 09:52:01.311	*	*	*	*	76.25	141200
1794	2014-03-21 09:52:02.845	*	*	76.2	56800	*	*
1795	2014-03-21 09:52:05.301	*	*	76.2	56400	*	*
1796	2014-03-21 09:52:05.315	76.25	400	*	*	*	*
1797	2014-03-21 09:52:05.315	*	*	*	*	76.25	140800
1798	2014-03-21 09:52:05.322	76.25	400	*	*	*	*
1799	2014-03-21 09:52:05.322	*	*	*	*	76.25	140400
1800	2014-03-21 09:52:05.416	*	*	*	*	76.25	140800
1801	2014-03-21 09:52:06.733	*	*	76.2	57200	*	*
1802	2014-03-21 09:52:07.508	*	*	*	*	76.25	190000
1803	2014-03-21 09:52:09.782	*	*	76.2	67200	*	*
1804	2014-03-21 09:52:10.736	76.25	1200	*	*	*	*
1805	2014-03-21 09:52:10.736	*	*	*	*	76.25	188800
1806	2014-03-21 09:52:12.747	76.25	800	*	*	*	*
1807	2014-03-21 09:52:12.747	*	*	*	*	76.25	188000
1808	2014-03-21 09:52:14.831	*	*	76.2	68000	*	*
1809	2014-03-21 09:52:18.853	76.25	1200	*	*	*	*
1810	2014-03-21 09:52:18.853	*	*	*	*	76.25	186800
1811	2014-03-21 09:52:25.553	76.25	1600	*	*	*	*
1812	2014-03-21 09:52:25.553	*	*	*	*	76.25	185200
1813	2014-03-21 09:52:25.557	76.25	400	*	*	*	*
1814	2014-03-21 09:52:25.557	*	*	*	*	76.25	184800
1815	2014-03-21 09:52:29.052	*	*	*	*	76.25	186800
1816	2014-03-21 09:52:30.029	*	*	*	*	76.25	189200
1817	2014-03-21 09:52:30.030	*	*	*	*	76.25	191200
1818	2014-03-21 09:52:30.061	*	*	*	*	76.25	193200
1819	2014-03-21 09:52:30.061	*	*	*	*	76.25	193600
1820	2014-03-21 09:52:30.075	*	*	*	*	76.25	194400
1821	2014-03-21 09:52:35.063	76.25	400	*	*	*	*
1822	2014-03-21 09:52:35.063	*	*	*	*	76.25	194000
1823	2014-03-21 09:52:39.441	*	*	*	*	76.25	196000
1824	2014-03-21 09:52:39.454	*	*	*	*	76.25	196400
1825	2014-03-21 09:52:43.066	*	*	76.2	69200	*	*
1826	2014-03-21 09:52:43.813	*	*	*	*	76.25	196800
1827	2014-03-21 09:52:43.842	*	*	*	*	76.25	197200
1828	2014-03-21 09:52:44.073	76.25	400	*	*	*	*
1829	2014-03-21 09:52:44.073	*	*	*	*	76.25	196800
1830	2014-03-21 09:52:45.058	76.25	100	*	*	*	*
1831	2014-03-21 09:52:50.219	*	*	76.2	69600	*	*
1832	2014-03-21 09:52:52.519	*	*	76.2	85600	*	*
1833	2014-03-21 09:52:55.386	76.25	800	*	*	*	*
1834	2014-03-21 09:52:55.386	*	*	*	*	76.25	196000
1835	2014-03-21 09:52:55.653	76.25	400	*	*	*	*
1836	2014-03-21 09:52:55.653	*	*	*	*	76.25	195600
1837	2014-03-21 09:52:56.477	76.25	400	*	*	*	*
1838	2014-03-21 09:52:56.477	*	*	*	*	76.25	195200
1839	2014-03-21 09:52:56.482	76.25	400	*	*	*	*
1840	2014-03-21 09:52:56.482	*	*	*	*	76.25	194800
1841	2014-03-21 09:53:00.781	76.25	400	*	*	*	*
1842	2014-03-21 09:53:00.781	76.25	400	*	*	*	*
1843	2014-03-21 09:53:00.781	*	*	*	*	76.25	194000
1844	2014-03-21 09:53:02.305	76.25	400	*	*	*	*
1845	2014-03-21 09:53:02.305	*	*	*	*	76.25	193600
1846	2014-03-21 09:53:10.145	76.25	1200	*	*	*	*
1847	2014-03-21 09:53:10.145	*	*	*	*	76.25	192400
1848	2014-03-21 09:53:15.426	76.25	400	*	*	*	*
1849	2014-03-21 09:53:15.426	*	*	*	*	76.25	192000
1850	2014-03-21 09:53:16.637	*	*	76.2	84800	*	*
1851	2014-03-21 09:53:16.653	76.25	800	*	*	*	*
1852	2014-03-21 09:53:16.653	*	*	*	*	76.25	191200
1853	2014-03-21 09:53:16.657	76.25	400	*	*	*	*
1854	2014-03-21 09:53:16.657	*	*	*	*	76.25	190800
1855	2014-03-21 09:53:17.662	76.2	1600	*	*	*	*
1856	2014-03-21 09:53:17.662	76.2	1200	*	*	*	*
1857	2014-03-21 09:53:17.662	76.2	2400	*	*	*	*
1858	2014-03-21 09:53:17.662	*	*	76.2	79600	*	*
1859	2014-03-21 09:53:17.667	76.25	400	*	*	*	*
1860	2014-03-21 09:53:17.667	*	*	*	*	76.25	190400
1861	2014-03-21 09:53:17.941	*	*	76.2	80000	*	*
1862	2014-03-21 09:53:20.418	*	*	76.2	80400	*	*
1863	2014-03-21 09:53:20.612	76.2	4800	*	*	*	*
1864	2014-03-21 09:53:20.612	*	*	76.2	75600	*	*
1865	2014-03-21 09:53:20.616	76.25	400	*	*	*	*
1866	2014-03-21 09:53:20.616	*	*	*	*	76.25	190000
1867	2014-03-21 09:53:26.094	76.25	1200	*	*	*	*
1868	2014-03-21 09:53:26.094	*	*	*	*	76.25	188800
1869	2014-03-21 09:53:26.098	76.25	400	*	*	*	*
1870	2014-03-21 09:53:26.098	*	*	*	*	76.25	188400
1871	2014-03-21 09:53:29.559	*	*	76.2	74400	*	*
1872	2014-03-21 09:53:29.559	76.25	1200	*	*	*	*
1873	2014-03-21 09:53:29.559	*	*	*	*	76.25	187200
1874	2014-03-21 09:53:30.497	76.25	1200	*	*	*	*
1875	2014-03-21 09:53:30.497	*	*	*	*	76.25	186000
1876	2014-03-21 09:53:30.710	*	*	*	*	76.25	184400
1877	2014-03-21 09:53:30.726	*	*	*	*	76.25	182000
1878	2014-03-21 09:53:30.767	*	*	*	*	76.25	183600
1879	2014-03-21 09:53:30.827	*	*	*	*	76.25	186000
1880	2014-03-21 09:53:42.019	76.25	22400	*	*	*	*
1881	2014-03-21 09:53:42.019	76.25	800	*	*	*	*
1882	2014-03-21 09:53:42.019	76.25	400	*	*	*	*
1883	2014-03-21 09:53:42.019	76.25	400	*	*	*	*
1884	2014-03-21 09:53:42.019	76.25	37200	*	*	*	*
1885	2014-03-21 09:53:42.019	76.25	400	*	*	*	*
1886	2014-03-21 09:53:42.019	76.25	400	*	*	*	*
1887	2014-03-21 09:53:42.019	76.25	2800	*	*	*	*
1888	2014-03-21 09:53:42.019	*	*	*	*	76.25	121200
1889	2014-03-21 09:53:42.024	76.25	6800	*	*	*	*
1890	2014-03-21 09:53:42.024	*	*	*	*	76.25	114400
1891	2014-03-21 09:53:42.029	76.25	400	*	*	*	*
1892	2014-03-21 09:53:42.029	*	*	*	*	76.25	114000
1893	2014-03-21 09:53:42.368	*	*	76.2	74800	*	*
1894	2014-03-21 09:53:42.866	76.2	400	*	*	*	*
1895	2014-03-21 09:53:42.866	*	*	76.2	74400	*	*
1896	2014-03-21 09:53:43.574	*	*	76.2	74800	*	*
1897	2014-03-21 09:53:52.173	76.25	2000	*	*	*	*
1898	2014-03-21 09:53:52.173	*	*	*	*	76.25	112000
1899	2014-03-21 09:53:52.217	76.25	400	*	*	*	*
1900	2014-03-21 09:53:52.217	*	*	*	*	76.25	111600
1901	2014-03-21 09:53:58.267	76.25	3600	*	*	*	*
1902	2014-03-21 09:53:58.267	76.25	400	*	*	*	*
1903	2014-03-21 09:53:58.267	76.25	400	*	*	*	*
1904	2014-03-21 09:53:58.267	76.25	4000	*	*	*	*
1905	2014-03-21 09:53:58.267	76.25	2000	*	*	*	*
1906	2014-03-21 09:53:58.267	76.25	4400	*	*	*	*
1907	2014-03-21 09:53:58.267	76.25	4000	*	*	*	*
1908	2014-03-21 09:53:58.267	76.25	4400	*	*	*	*
1909	2014-03-21 09:53:58.267	76.25	2000	*	*	*	*
1910	2014-03-21 09:53:58.267	76.25	2800	*	*	*	*
1911	2014-03-21 09:53:58.267	*	*	*	*	76.25	83600
1912	2014-03-21 09:53:58.272	76.25	2800	*	*	*	*
1913	2014-03-21 09:53:58.272	*	*	*	*	76.25	80800
1914	2014-03-21 09:53:58.276	76.25	400	*	*	*	*
1915	2014-03-21 09:53:58.276	*	*	*	*	76.25	80400
1916	2014-03-21 09:53:59.131	*	*	*	*	76.25	87600
1917	2014-03-21 09:53:59.178	*	*	76.2	76400	*	*
1918	2014-03-21 09:54:06.444	76.25	800	*	*	*	*
1919	2014-03-21 09:54:06.444	*	*	*	*	76.25	86800
1920	2014-03-21 09:54:08.801	*	*	*	*	76.25	102800
1921	2014-03-21 09:54:09.230	*	*	76.2	60400	*	*
1922	2014-03-21 09:54:12.268	76.25	800	*	*	*	*
1923	2014-03-21 09:54:12.268	*	*	*	*	76.25	102000
1924	2014-03-21 09:54:15.260	*	*	*	*	76.25	106000
1925	2014-03-21 09:54:15.791	76.25	400	*	*	*	*
1926	2014-03-21 09:54:15.791	*	*	*	*	76.25	105600
1927	2014-03-21 09:54:17.277	*	*	*	*	76.25	108000
1928	2014-03-21 09:54:20.815	*	*	76.2	60800	*	*
1929	2014-03-21 09:54:22.877	*	*	*	*	76.25	123200
1930	2014-03-21 09:54:26.844	76.25	2000	*	*	*	*
1931	2014-03-21 09:54:26.844	*	*	*	*	76.25	121200
1932	2014-03-21 09:54:28.562	*	*	*	*	76.25	130800
1933	2014-03-21 09:54:28.985	*	*	76.2	60400	*	*
1934	2014-03-21 09:54:28.987	76.25	400	*	*	*	*
1935	2014-03-21 09:54:28.987	*	*	*	*	76.25	130400
1936	2014-03-21 09:54:29.000	76.25	400	*	*	*	*
1937	2014-03-21 09:54:29.000	*	*	*	*	76.25	130000
1938	2014-03-21 09:54:30.003	76.2	2400	*	*	*	*
1939	2014-03-21 09:54:30.003	76.2	400	*	*	*	*
1940	2014-03-21 09:54:30.003	76.2	400	*	*	*	*
1941	2014-03-21 09:54:30.003	*	*	76.2	57200	*	*
1942	2014-03-21 09:54:30.255	76	225	*	*	*	*
1943	2014-03-21 09:54:30.573	*	*	76.2	57600	*	*
1944	2014-03-21 09:54:31.861	76.25	400	*	*	*	*
1945	2014-03-21 09:54:31.861	*	*	*	*	76.25	129600
1946	2014-03-21 09:54:37.764	*	*	76.2	58400	*	*
1947	2014-03-21 09:54:46.130	76.25	1200	*	*	*	*
1948	2014-03-21 09:54:46.130	*	*	*	*	76.25	128400
1949	2014-03-21 09:54:46.243	*	*	*	*	76.25	128800
1950	2014-03-21 09:54:46.867	76.25	1200	*	*	*	*
1951	2014-03-21 09:54:46.867	*	*	*	*	76.25	127600
1952	2014-03-21 09:54:46.872	76.25	400	*	*	*	*
1953	2014-03-21 09:54:46.872	*	*	*	*	76.25	127200
1954	2014-03-21 09:54:46.979	*	*	*	*	76.25	128000
1955	2014-03-21 09:54:52.469	76.25	1200	*	*	*	*
1956	2014-03-21 09:54:52.469	*	*	*	*	76.25	126800
1957	2014-03-21 09:54:54.985	76.25	800	*	*	*	*
1958	2014-03-21 09:54:54.985	*	*	*	*	76.25	126000
1959	2014-03-21 09:54:56.341	76.25	3200	*	*	*	*
1960	2014-03-21 09:54:56.341	76.25	400	*	*	*	*
1961	2014-03-21 09:54:56.341	76.25	400	*	*	*	*
1962	2014-03-21 09:54:56.341	76.25	400	*	*	*	*
1963	2014-03-21 09:54:56.341	76.25	5600	*	*	*	*
1964	2014-03-21 09:54:56.341	*	*	*	*	76.25	116000
1965	2014-03-21 09:54:56.347	76.25	1200	*	*	*	*
1966	2014-03-21 09:54:56.347	*	*	*	*	76.25	114800
1967	2014-03-21 09:54:56.366	*	*	*	*	76.25	128800
1968	2014-03-21 09:54:57.469	76.25	13200	*	*	*	*
1969	2014-03-21 09:54:57.469	*	*	*	*	76.25	115600
1970	2014-03-21 09:54:57.473	76.25	1200	*	*	*	*
1971	2014-03-21 09:54:57.473	*	*	*	*	76.25	114400
1972	2014-03-21 09:54:57.477	76.25	400	*	*	*	*
1973	2014-03-21 09:54:57.477	*	*	*	*	76.25	114000
1974	2014-03-21 09:54:57.481	*	*	*	*	76.25	116800
1975	2014-03-21 09:54:58.953	*	*	*	*	76.25	120800
1976	2014-03-21 09:55:00.616	76.25	800	*	*	*	*
1977	2014-03-21 09:55:00.616	*	*	*	*	76.25	120000
1978	2014-03-21 09:55:03.859	76.2	400	*	*	*	*
1979	2014-03-21 09:55:03.859	*	*	76.2	58000	*	*
1980	2014-03-21 09:55:08.340	*	*	76.2	62400	*	*
1981	2014-03-21 09:55:12.384	76.25	1600	*	*	*	*
1982	2014-03-21 09:55:12.384	*	*	*	*	76.25	118400
1983	2014-03-21 09:55:15.590	76.2	400	*	*	*	*
1984	2014-03-21 09:55:15.590	*	*	76.2	62000	*	*
1985	2014-03-21 09:55:17.169	*	*	76.2	78000	*	*
1986	2014-03-21 09:55:18.928	*	*	76.2	68000	*	*
1987	2014-03-21 09:55:20.394	*	*	76.2	67600	*	*
1988	2014-03-21 09:55:20.409	76.25	400	*	*	*	*
1989	2014-03-21 09:55:20.409	*	*	*	*	76.25	118000
1990	2014-03-21 09:55:20.413	76.25	400	*	*	*	*
1991	2014-03-21 09:55:20.413	*	*	*	*	76.25	117600
1992	2014-03-21 09:55:21.353	*	*	76.2	68400	*	*
1993	2014-03-21 09:55:22.550	76.25	800	*	*	*	*
1994	2014-03-21 09:55:22.550	*	*	*	*	76.25	116800
1995	2014-03-21 09:55:25.232	*	*	*	*	76.25	117200
1996	2014-03-21 09:55:25.261	*	*	*	*	76.25	120000
1997	2014-03-21 09:55:27.480	76.25	800	*	*	*	*
1998	2014-03-21 09:55:27.480	*	*	*	*	76.25	119200
1999	2014-03-21 09:55:28.237	*	*	76.2	69600	*	*
2000	2014-03-21 09:55:31.041	*	*	*	*	76.25	119600
2001	2014-03-21 09:55:34.993	*	*	*	*	76.25	103600
2002	2014-03-21 09:55:40.067	*	*	76.2	70400	*	*
2003	2014-03-21 09:55:48.673	*	*	76.2	71200	*	*
2004	2014-03-21 09:55:48.765	76.25	400	*	*	*	*
2005	2014-03-21 09:55:48.765	*	*	*	*	76.25	103200
2006	2014-03-21 09:55:50.846	76.25	800	*	*	*	*
2007	2014-03-21 09:55:50.846	*	*	*	*	76.25	102400
2008	2014-03-21 09:55:50.960	*	*	*	*	76.25	102800
2009	2014-03-21 09:55:52.767	*	*	76.2	77200	*	*
2010	2014-03-21 09:55:57.934	76.25	800	*	*	*	*
2011	2014-03-21 09:55:57.934	*	*	*	*	76.25	102000
2012	2014-03-21 09:55:57.938	76.25	400	*	*	*	*
2013	2014-03-21 09:55:57.938	*	*	*	*	76.25	101600
2014	2014-03-21 09:55:58.046	*	*	*	*	76.25	102000
2015	2014-03-21 09:56:00.757	*	*	*	*	76.25	100400
2016	2014-03-21 09:56:00.757	*	*	*	*	76.25	98000
2017	2014-03-21 09:56:00.804	*	*	*	*	76.25	99600
2018	2014-03-21 09:56:00.819	*	*	*	*	76.25	102000
2019	2014-03-21 09:56:10.426	*	*	76.2	76400	*	*
2020	2014-03-21 09:56:10.443	76.25	800	*	*	*	*
2021	2014-03-21 09:56:10.443	*	*	*	*	76.25	101200
2022	2014-03-21 09:56:11.554	*	*	76.2	76800	*	*
2023	2014-03-21 09:56:15.322	76.2	400	*	*	*	*
2024	2014-03-21 09:56:15.322	*	*	76.2	76400	*	*
2025	2014-03-21 09:56:21.396	76.25	400	*	*	*	*
2026	2014-03-21 09:56:21.396	*	*	*	*	76.25	100800
2027	2014-03-21 09:56:21.456	76.25	19200	*	*	*	*
2028	2014-03-21 09:56:21.456	76.25	2000	*	*	*	*
2029	2014-03-21 09:56:21.456	76.25	2400	*	*	*	*
2030	2014-03-21 09:56:21.456	76.25	2000	*	*	*	*
2031	2014-03-21 09:56:21.456	76.25	2000	*	*	*	*
2032	2014-03-21 09:56:21.456	76.25	400	*	*	*	*
2033	2014-03-21 09:56:21.456	76.25	800	*	*	*	*
2034	2014-03-21 09:56:21.456	76.25	2000	*	*	*	*
2035	2014-03-21 09:56:21.456	76.25	400	*	*	*	*
2036	2014-03-21 09:56:21.456	76.25	400	*	*	*	*
2037	2014-03-21 09:56:21.456	76.25	400	*	*	*	*
2038	2014-03-21 09:56:21.456	76.25	7200	*	*	*	*
2039	2014-03-21 09:56:21.456	76.25	4000	*	*	*	*
2040	2014-03-21 09:56:21.456	76.25	2400	*	*	*	*
2041	2014-03-21 09:56:21.456	76.25	4400	*	*	*	*
2042	2014-03-21 09:56:21.456	*	*	*	*	76.25	50800
2043	2014-03-21 09:56:21.462	76.25	4400	*	*	*	*
2044	2014-03-21 09:56:21.462	*	*	*	*	76.25	46400
2045	2014-03-21 09:56:21.466	76.25	1200	*	*	*	*
2046	2014-03-21 09:56:21.466	*	*	*	*	76.25	45200
2047	2014-03-21 09:56:21.473	*	*	*	*	76.25	71200
2048	2014-03-21 09:56:23.113	*	*	*	*	76.25	67200
2049	2014-03-21 09:56:27.000	76.25	800	*	*	*	*
2050	2014-03-21 09:56:27.000	*	*	*	*	76.25	66400
2051	2014-03-21 09:56:27.182	76.25	400	*	*	*	*
2052	2014-03-21 09:56:27.182	*	*	*	*	76.25	66000
2053	2014-03-21 09:56:27.928	76.25	400	*	*	*	*
2054	2014-03-21 09:56:27.928	*	*	*	*	76.25	65600
2055	2014-03-21 09:56:32.677	76.25	400	*	*	*	*
2056	2014-03-21 09:56:32.677	*	*	*	*	76.25	65200
2057	2014-03-21 09:56:34.887	*	*	*	*	76.25	81200
2058	2014-03-21 09:56:35.139	*	*	76.2	60400	*	*
2059	2014-03-21 09:56:36.289	*	*	*	*	76.25	84000
2060	2014-03-21 09:56:36.290	76.25	1600	*	*	*	*
2061	2014-03-21 09:56:36.290	*	*	*	*	76.25	82400
2062	2014-03-21 09:56:36.294	76.25	400	*	*	*	*
2063	2014-03-21 09:56:36.294	*	*	*	*	76.25	82000
2064	2014-03-21 09:56:37.406	*	*	*	*	76.25	84000
2065	2014-03-21 09:56:37.788	76.25	400	*	*	*	*
2066	2014-03-21 09:56:37.788	*	*	*	*	76.25	83600
2067	2014-03-21 09:56:38.412	*	*	*	*	76.25	85600
2068	2014-03-21 09:56:41.531	75.7	18	*	*	*	*
2069	2014-03-21 09:56:42.345	*	*	*	*	76.25	86000
2070	2014-03-21 09:56:44.205	76.25	800	*	*	*	*
2071	2014-03-21 09:56:44.205	76.25	400	*	*	*	*
2072	2014-03-21 09:56:44.205	*	*	*	*	76.25	84800
2073	2014-03-21 09:56:47.395	*	*	76.2	62000	*	*
2074	2014-03-21 09:56:49.494	76.25	2000	*	*	*	*
2075	2014-03-21 09:56:49.494	*	*	*	*	76.25	82800
2076	2014-03-21 09:56:49.498	76.25	400	*	*	*	*
2077	2014-03-21 09:56:49.498	*	*	*	*	76.25	82400
2078	2014-03-21 09:56:52.472	*	*	*	*	76.25	82800
2079	2014-03-21 09:56:54.488	*	*	*	*	76.25	102800
2080	2014-03-21 09:56:54.674	*	*	76.2	63600	*	*
2081	2014-03-21 09:56:55.246	*	*	76.2	79600	*	*
2082	2014-03-21 09:56:55.653	76.25	400	*	*	*	*
2083	2014-03-21 09:56:55.653	*	*	*	*	76.25	102400
2084	2014-03-21 09:56:56.668	76.2	2400	*	*	*	*
2085	2014-03-21 09:56:56.668	76.2	800	*	*	*	*
2086	2014-03-21 09:56:56.668	*	*	76.2	76400	*	*
2087	2014-03-21 09:56:56.672	76.25	400	*	*	*	*
2088	2014-03-21 09:56:56.672	*	*	*	*	76.25	102000
2089	2014-03-21 09:56:56.953	76.25	400	*	*	*	*
2090	2014-03-21 09:56:56.953	*	*	*	*	76.25	101600
2091	2014-03-21 09:56:59.609	*	*	*	*	76.25	106000
2092	2014-03-21 09:57:00.443	*	*	76.2	76000	*	*
2093	2014-03-21 09:57:00.459	76.25	400	*	*	*	*
2094	2014-03-21 09:57:00.459	*	*	*	*	76.25	105600
2095	2014-03-21 09:57:01.346	*	*	76.2	76400	*	*
2096	2014-03-21 09:57:02.665	76.25	800	*	*	*	*
2097	2014-03-21 09:57:02.665	*	*	*	*	76.25	104800
2098	2014-03-21 09:57:04.542	76.25	400	*	*	*	*
2099	2014-03-21 09:57:04.542	*	*	*	*	76.25	104400
2100	2014-03-21 09:57:05.268	*	*	76.2	60400	*	*
2101	2014-03-21 09:57:06.548	76.25	800	*	*	*	*
