Seq_No	Time	Transaction_Price	Volume	Bid_Price	Bid_Size	Ask_Price	Ask_Size
1	2014-03-20 09:20:00.163	*	*	76.2	15200	76.25	24000
2	2014-03-20 09:30:00.065	*	*	*	*	76.25	27200
3	2014-03-20 09:30:00.112	76.2	400	*	*	*	*
4	2014-03-20 09:30:00.112	76.2	800	*	*	*	*
5	2014-03-20 09:30:00.112	76.2	400	*	*	*	*
6	2014-03-20 09:30:00.112	76.2	800	*	*	*	*
7	2014-03-20 09:30:00.112	76.2	400	*	*	*	*
8	2014-03-20 09:30:00.112	76.2	400	*	*	*	*
9	2014-03-20 09:30:00.112	76.2	400	*	*	*	*
10	2014-03-20 09:30:00.112	76.2	400	*	*	*	*
11	2014-03-20 09:30:00.112	76.2	400	*	*	*	*
12	2014-03-20 09:30:00.112	76.2	400	*	*	*	*
13	2014-03-20 09:30:00.112	76.2	800	*	*	*	*
14	2014-03-20 09:30:00.112	*	*	76.2	9600	*	*
15	2014-03-20 09:30:00.138	76.2	9200	*	*	*	*
16	2014-03-20 09:30:00.138	76.2	400	*	*	*	*
17	2014-03-20 09:30:00.138	*	*	76.15	400	*	*
18	2014-03-20 09:30:00.299	*	*	76.2	400	*	*
19	2014-03-20 09:30:00.362	76.25	800	*	*	*	*
20	2014-03-20 09:30:00.362	*	*	*	*	76.25	26400
21	2014-03-20 09:30:00.771	76.2	400	*	*	*	*
22	2014-03-20 09:30:00.771	*	*	76.15	5600	76.2	400
23	2014-03-20 09:30:00.779	76.2	400	*	*	*	*
24	2014-03-20 09:30:00.779	*	*	*	*	76.25	26400
25	2014-03-20 09:30:00.791	76.25	400	*	*	*	*
26	2014-03-20 09:30:00.791	*	*	*	*	76.25	26000
27	2014-03-20 09:30:00.850	76.25	400	*	*	*	*
28	2014-03-20 09:30:00.850	*	*	*	*	76.25	25600
29	2014-03-20 09:30:01.035	*	*	*	*	76.25	47600
30	2014-03-20 09:30:01.275	*	*	76.15	6400	*	*
31	2014-03-20 09:30:01.439	*	*	76.2	32400	*	*
32	2014-03-20 09:30:01.614	*	*	*	*	76.25	51200
33	2014-03-20 09:30:02.104	*	*	*	*	76.25	151200
34	2014-03-20 09:30:02.197	76.2	5600	*	*	*	*
35	2014-03-20 09:30:02.197	*	*	76.2	26800	*	*
36	2014-03-20 09:30:02.252	*	*	*	*	76.25	153200
37	2014-03-20 09:30:02.255	76.2	2800	*	*	*	*
38	2014-03-20 09:30:02.255	*	*	76.2	24000	*	*
39	2014-03-20 09:30:02.338	*	*	*	*	76.25	156000
40	2014-03-20 09:30:02.383	76.25	400	*	*	*	*
41	2014-03-20 09:30:02.383	*	*	*	*	76.25	155600
42	2014-03-20 09:30:02.386	*	*	*	*	76.25	155200
43	2014-03-20 09:30:02.459	76.2	24000	*	*	*	*
44	2014-03-20 09:30:02.459	*	*	76.15	6400	76.2	8400
45	2014-03-20 09:30:02.617	*	*	*	*	76.2	30400
46	2014-03-20 09:30:02.671	76.2	1200	*	*	*	*
47	2014-03-20 09:30:02.671	*	*	*	*	76.2	29200
48	2014-03-20 09:30:02.690	*	*	*	*	76.2	28800
49	2014-03-20 09:30:03.082	*	*	*	*	76.2	50800
50	2014-03-20 09:30:03.137	*	*	76.15	5600	*	*
51	2014-03-20 09:30:03.192	*	*	*	*	76.2	44000
52	2014-03-20 09:30:03.308	*	*	*	*	76.2	47200
53	2014-03-20 09:30:03.339	*	*	*	*	76.2	50000
54	2014-03-20 09:30:03.352	76.2	800	*	*	*	*
55	2014-03-20 09:30:03.352	*	*	*	*	76.2	49200
56	2014-03-20 09:30:03.371	76.2	400	*	*	*	*
57	2014-03-20 09:30:03.371	*	*	*	*	76.2	48800
58	2014-03-20 09:30:03.833	*	*	*	*	76.2	50000
59	2014-03-20 09:30:03.835	76.15	400	*	*	*	*
60	2014-03-20 09:30:03.835	76.15	1200	*	*	*	*
61	2014-03-20 09:30:03.835	*	*	76.15	4000	*	*
62	2014-03-20 09:30:04.041	76.2	7600	*	*	*	*
63	2014-03-20 09:30:04.041	*	*	*	*	76.2	42400
64	2014-03-20 09:30:04.265	76.2	400	*	*	*	*
65	2014-03-20 09:30:04.265	*	*	*	*	76.2	42000
66	2014-03-20 09:30:04.320	*	*	*	*	76.2	42800
67	2014-03-20 09:30:04.322	*	*	*	*	76.2	45200
68	2014-03-20 09:30:04.342	76.2	400	*	*	*	*
69	2014-03-20 09:30:04.342	*	*	*	*	76.2	44800
70	2014-03-20 09:30:04.355	76.2	400	*	*	*	*
71	2014-03-20 09:30:04.355	*	*	*	*	76.2	44400
72	2014-03-20 09:30:04.378	76.2	2000	*	*	*	*
73	2014-03-20 09:30:04.378	*	*	*	*	76.2	42400
74	2014-03-20 09:30:04.400	76.2	2000	*	*	*	*
75	2014-03-20 09:30:04.400	*	*	*	*	76.2	40400
76	2014-03-20 09:30:04.402	*	*	*	*	76.2	32400
77	2014-03-20 09:30:04.402	*	*	*	*	76.2	31200
78	2014-03-20 09:30:04.492	*	*	*	*	76.2	33600
79	2014-03-20 09:30:04.725	*	*	*	*	76.2	33200
80	2014-03-20 09:30:05.066	76.2	2000	*	*	*	*
81	2014-03-20 09:30:05.066	*	*	*	*	76.2	31200
82	2014-03-20 09:30:05.103	76.15	1600	*	*	*	*
83	2014-03-20 09:30:05.103	*	*	76.15	2400	*	*
84	2014-03-20 09:30:05.169	*	*	76.15	3600	*	*
85	2014-03-20 09:30:05.174	76.2	400	*	*	*	*
86	2014-03-20 09:30:05.174	*	*	*	*	76.2	30800
87	2014-03-20 09:30:05.266	*	*	*	*	76.2	34400
88	2014-03-20 09:30:05.276	76.2	2000	*	*	*	*
89	2014-03-20 09:30:05.276	*	*	*	*	76.2	32400
90	2014-03-20 09:30:05.325	76.15	2000	*	*	*	*
91	2014-03-20 09:30:05.325	76.15	400	*	*	*	*
92	2014-03-20 09:30:05.325	76.15	1200	*	*	*	*
93	2014-03-20 09:30:05.325	*	*	76.1	19200	*	*
94	2014-03-20 09:30:05.573	76.2	15600	*	*	*	*
95	2014-03-20 09:30:05.573	*	*	*	*	76.2	16800
96	2014-03-20 09:30:05.749	76.1	1600	*	*	*	*
97	2014-03-20 09:30:05.749	*	*	76.1	17600	*	*
98	2014-03-20 09:30:05.754	*	*	*	*	76.2	15600
99	2014-03-20 09:30:05.814	76.2	2000	*	*	*	*
100	2014-03-20 09:30:05.814	76.2	2000	*	*	*	*
101	2014-03-20 09:30:05.814	*	*	*	*	76.2	11600
102	2014-03-20 09:30:05.832	76.2	400	*	*	*	*
103	2014-03-20 09:30:05.832	*	*	*	*	76.2	11200
104	2014-03-20 09:30:05.841	*	*	*	*	76.2	14000
105	2014-03-20 09:30:05.849	76.2	400	*	*	*	*
106	2014-03-20 09:30:05.849	*	*	*	*	76.2	13600
107	2014-03-20 09:30:05.909	*	*	76.15	400	*	*
108	2014-03-20 09:30:06.114	76.2	400	*	*	*	*
109	2014-03-20 09:30:06.114	76.2	400	*	*	*	*
110	2014-03-20 09:30:06.114	*	*	*	*	76.2	12800
111	2014-03-20 09:30:06.287	76.2	1200	*	*	*	*
112	2014-03-20 09:30:06.287	*	*	*	*	76.2	11600
113	2014-03-20 09:30:06.630	*	*	*	*	76.2	9200
114	2014-03-20 09:30:06.847	76.2	800	*	*	*	*
115	2014-03-20 09:30:06.847	*	*	*	*	76.2	8400
116	2014-03-20 09:30:07.020	*	*	*	*	76.2	11600
117	2014-03-20 09:30:07.182	*	*	76.15	800	*	*
118	2014-03-20 09:30:07.800	76.2	400	*	*	*	*
119	2014-03-20 09:30:07.800	*	*	*	*	76.2	11200
120	2014-03-20 09:30:08.280	76.2	400	*	*	*	*
121	2014-03-20 09:30:08.280	*	*	*	*	76.2	10800
122	2014-03-20 09:30:08.339	76.2	400	*	*	*	*
123	2014-03-20 09:30:08.339	76.2	800	*	*	*	*
124	2014-03-20 09:30:08.339	76.2	400	*	*	*	*
125	2014-03-20 09:30:08.339	*	*	*	*	76.2	9200
126	2014-03-20 09:30:08.630	*	*	*	*	76.2	10000
127	2014-03-20 09:30:08.784	76.2	400	*	*	*	*
128	2014-03-20 09:30:08.784	*	*	*	*	76.2	9600
129	2014-03-20 09:30:08.893	76.2	400	*	*	*	*
130	2014-03-20 09:30:08.893	*	*	*	*	76.2	9200
131	2014-03-20 09:30:09.118	*	*	76.15	1200	*	*
132	2014-03-20 09:30:09.202	76.2	800	*	*	*	*
133	2014-03-20 09:30:09.202	*	*	*	*	76.2	8400
134	2014-03-20 09:30:10.151	76.15	400	*	*	*	*
135	2014-03-20 09:30:10.151	76.15	400	*	*	*	*
136	2014-03-20 09:30:10.151	76.15	400	*	*	*	*
137	2014-03-20 09:30:10.151	*	*	76.1	19600	*	*
138	2014-03-20 09:30:10.379	76.2	1600	*	*	*	*
139	2014-03-20 09:30:10.379	76.2	400	*	*	*	*
140	2014-03-20 09:30:10.379	*	*	*	*	76.2	6400
141	2014-03-20 09:30:10.661	*	*	*	*	76.2	6000
142	2014-03-20 09:30:11.207	76.2	800	*	*	*	*
143	2014-03-20 09:30:11.207	*	*	*	*	76.2	5200
144	2014-03-20 09:30:11.242	*	*	76.1	20000	*	*
145	2014-03-20 09:30:11.558	*	*	76.1	20400	*	*
146	2014-03-20 09:30:12.163	76.2	400	*	*	*	*
147	2014-03-20 09:30:12.163	*	*	*	*	76.2	4800
148	2014-03-20 09:30:13.068	76.2	400	*	*	*	*
149	2014-03-20 09:30:13.068	*	*	*	*	76.2	4400
150	2014-03-20 09:30:13.252	76.2	800	*	*	*	*
151	2014-03-20 09:30:13.252	76.2	400	*	*	*	*
152	2014-03-20 09:30:13.252	*	*	*	*	76.2	3200
153	2014-03-20 09:30:13.298	76.2	400	*	*	*	*
154	2014-03-20 09:30:13.298	*	*	*	*	76.2	2800
155	2014-03-20 09:30:13.357	76.2	2000	*	*	*	*
156	2014-03-20 09:30:13.357	*	*	*	*	76.2	800
157	2014-03-20 09:30:14.268	76.2	400	*	*	*	*
158	2014-03-20 09:30:14.268	*	*	*	*	76.2	400
159	2014-03-20 09:30:14.412	76.2	400	*	*	*	*
160	2014-03-20 09:30:14.412	76.25	800	*	*	*	*
161	2014-03-20 09:30:14.412	*	*	*	*	76.25	117200
162	2014-03-20 09:30:14.438	*	*	*	*	76.25	116800
163	2014-03-20 09:30:14.441	76.25	2400	*	*	*	*
164	2014-03-20 09:30:14.441	*	*	*	*	76.25	114400
165	2014-03-20 09:30:14.456	*	*	*	*	76.25	124800
166	2014-03-20 09:30:14.493	76.25	3200	*	*	*	*
167	2014-03-20 09:30:14.493	*	*	*	*	76.25	121600
168	2014-03-20 09:30:14.517	*	*	*	*	76.25	120400
169	2014-03-20 09:30:15.031	76.1	400	*	*	*	*
170	2014-03-20 09:30:15.031	*	*	76.1	20000	*	*
171	2014-03-20 09:30:15.173	76.1	4000	*	*	*	*
172	2014-03-20 09:30:15.173	76.1	4000	*	*	*	*
173	2014-03-20 09:30:15.173	*	*	76.1	12000	*	*
174	2014-03-20 09:30:15.190	76.1	400	*	*	*	*
175	2014-03-20 09:30:15.190	*	*	76.1	11600	*	*
176	2014-03-20 09:30:15.280	*	*	*	*	76.25	121600
177	2014-03-20 09:30:15.354	*	*	76.1	11200	*	*
178	2014-03-20 09:30:15.452	76.25	400	*	*	*	*
179	2014-03-20 09:30:15.452	*	*	*	*	76.25	121200
180	2014-03-20 09:30:16.439	*	*	*	*	76.25	110800
181	2014-03-20 09:30:16.452	*	*	*	*	76.25	108400
182	2014-03-20 09:30:16.455	76.25	800	*	*	*	*
183	2014-03-20 09:30:16.455	*	*	*	*	76.25	107600
184	2014-03-20 09:30:16.784	76.25	400	*	*	*	*
185	2014-03-20 09:30:16.784	*	*	*	*	76.25	107200
186	2014-03-20 09:30:17.306	76.25	1200	*	*	*	*
187	2014-03-20 09:30:17.306	*	*	*	*	76.25	106000
188	2014-03-20 09:30:17.319	76.25	400	*	*	*	*
189	2014-03-20 09:30:17.319	*	*	*	*	76.25	105600
190	2014-03-20 09:30:17.334	76.25	400	*	*	*	*
191	2014-03-20 09:30:17.334	*	*	*	*	76.25	105200
192	2014-03-20 09:30:17.443	76.25	1200	*	*	*	*
193	2014-03-20 09:30:17.443	*	*	*	*	76.25	104000
194	2014-03-20 09:30:17.443	76.25	400	*	*	*	*
195	2014-03-20 09:30:17.443	*	*	*	*	76.25	103600
196	2014-03-20 09:30:17.456	76.1	400	*	*	*	*
197	2014-03-20 09:30:17.456	*	*	76.1	10800	*	*
198	2014-03-20 09:30:17.498	*	*	*	*	76.25	102800
199	2014-03-20 09:30:17.950	76.25	400	*	*	*	*
200	2014-03-20 09:30:17.950	*	*	*	*	76.25	102400
201	2014-03-20 09:30:17.981	*	*	*	*	76.25	124800
202	2014-03-20 09:30:18.341	76.25	400	*	*	*	*
203	2014-03-20 09:30:18.341	*	*	*	*	76.25	124400
204	2014-03-20 09:30:18.380	76.25	1600	*	*	*	*
205	2014-03-20 09:30:18.380	*	*	*	*	76.25	122800
206	2014-03-20 09:30:18.400	76.25	400	*	*	*	*
207	2014-03-20 09:30:18.400	*	*	*	*	76.25	122400
208	2014-03-20 09:30:18.411	76.25	800	*	*	*	*
209	2014-03-20 09:30:18.411	*	*	*	*	76.25	121600
210	2014-03-20 09:30:18.424	76.1	400	*	*	*	*
211	2014-03-20 09:30:18.424	*	*	76.1	10400	*	*
212	2014-03-20 09:30:18.440	*	*	*	*	76.25	134800
213	2014-03-20 09:30:18.482	76.25	1200	*	*	*	*
214	2014-03-20 09:30:18.482	*	*	*	*	76.25	133600
215	2014-03-20 09:30:18.887	76.25	10000	*	*	*	*
216	2014-03-20 09:30:18.887	*	*	*	*	76.25	123600
217	2014-03-20 09:30:18.899	76.1	1200	*	*	*	*
218	2014-03-20 09:30:18.899	*	*	76.1	9200	*	*
219	2014-03-20 09:30:19.032	*	*	*	*	76.2	800
220	2014-03-20 09:30:19.408	76.2	800	*	*	*	*
221	2014-03-20 09:30:19.408	*	*	*	*	76.25	113200
222	2014-03-20 09:30:19.412	76.25	800	*	*	*	*
223	2014-03-20 09:30:19.412	*	*	*	*	76.25	112400
224	2014-03-20 09:30:19.437	*	*	*	*	76.25	121600
225	2014-03-20 09:30:19.790	76.25	400	*	*	*	*
226	2014-03-20 09:30:19.790	*	*	*	*	76.25	121200
227	2014-03-20 09:30:19.958	76.25	400	*	*	*	*
228	2014-03-20 09:30:19.958	*	*	*	*	76.25	120800
229	2014-03-20 09:30:20.312	76.25	10000	*	*	*	*
230	2014-03-20 09:30:20.312	*	*	*	*	76.25	110800
231	2014-03-20 09:30:20.331	76.1	1200	*	*	*	*
232	2014-03-20 09:30:20.331	*	*	76.1	8000	*	*
233	2014-03-20 09:30:20.335	76.25	400	*	*	*	*
234	2014-03-20 09:30:20.335	*	*	*	*	76.25	110400
235	2014-03-20 09:30:20.391	76.25	400	*	*	*	*
236	2014-03-20 09:30:20.391	*	*	*	*	76.25	110000
237	2014-03-20 09:30:21.386	*	*	76.2	400	*	*
238	2014-03-20 09:30:21.387	76.2	400	*	*	*	*
239	2014-03-20 09:30:21.387	*	*	76.1	8000	*	*
240	2014-03-20 09:30:21.388	*	*	*	*	76.2	400
241	2014-03-20 09:30:21.391	*	*	76.1	7600	*	*
242	2014-03-20 09:30:21.393	76.2	400	*	*	*	*
243	2014-03-20 09:30:21.393	76.25	400	*	*	*	*
244	2014-03-20 09:30:21.393	*	*	*	*	76.25	109600
245	2014-03-20 09:30:21.400	76.1	400	*	*	*	*
246	2014-03-20 09:30:21.400	*	*	76.1	7200	*	*
247	2014-03-20 09:30:21.407	*	*	*	*	76.25	100400
248	2014-03-20 09:30:21.453	*	*	*	*	76.25	108400
249	2014-03-20 09:30:21.477	76.25	800	*	*	*	*
250	2014-03-20 09:30:21.477	*	*	*	*	76.25	107600
251	2014-03-20 09:30:21.920	76.25	400	*	*	*	*
252	2014-03-20 09:30:21.920	*	*	*	*	76.25	107200
253	2014-03-20 09:30:22.255	*	*	76.1	6800	*	*
254	2014-03-20 09:30:22.255	*	*	76.1	6400	*	*
255	2014-03-20 09:30:22.259	76.25	800	*	*	*	*
256	2014-03-20 09:30:22.259	*	*	*	*	76.25	106400
257	2014-03-20 09:30:22.352	76.25	400	*	*	*	*
258	2014-03-20 09:30:22.352	*	*	*	*	76.25	106000
259	2014-03-20 09:30:22.399	76.25	800	*	*	*	*
260	2014-03-20 09:30:22.399	*	*	*	*	76.25	105200
261	2014-03-20 09:30:22.409	76.1	400	*	*	*	*
262	2014-03-20 09:30:22.409	*	*	76.1	6000	*	*
263	2014-03-20 09:30:23.271	*	*	76.1	6800	*	*
264	2014-03-20 09:30:23.402	76.25	400	*	*	*	*
265	2014-03-20 09:30:23.402	*	*	*	*	76.25	104800
266	2014-03-20 09:30:23.602	*	*	*	*	76.25	104400
267	2014-03-20 09:30:24.206	76.25	400	*	*	*	*
268	2014-03-20 09:30:24.206	*	*	*	*	76.25	104000
269	2014-03-20 09:30:24.284	*	*	76.1	6000	*	*
270	2014-03-20 09:30:24.286	*	*	76.15	800	*	*
271	2014-03-20 09:30:24.406	76.25	800	*	*	*	*
272	2014-03-20 09:30:24.406	*	*	*	*	76.25	103200
273	2014-03-20 09:30:24.675	*	*	76.15	2000	*	*
274	2014-03-20 09:30:24.702	76.15	800	*	*	*	*
275	2014-03-20 09:30:24.702	*	*	76.15	1200	*	*
276	2014-03-20 09:30:24.820	76.25	1600	*	*	*	*
277	2014-03-20 09:30:24.820	*	*	*	*	76.25	101600
278	2014-03-20 09:30:24.864	76.25	400	*	*	*	*
279	2014-03-20 09:30:24.864	*	*	*	*	76.25	101200
280	2014-03-20 09:30:24.910	76.15	400	*	*	*	*
281	2014-03-20 09:30:24.910	*	*	76.15	800	*	*
282	2014-03-20 09:30:24.951	76.25	1200	*	*	*	*
283	2014-03-20 09:30:24.951	*	*	*	*	76.25	100000
284	2014-03-20 09:30:25.295	76.25	2400	*	*	*	*
285	2014-03-20 09:30:25.295	*	*	*	*	76.25	97600
286	2014-03-20 09:30:25.307	76.15	400	*	*	*	*
287	2014-03-20 09:30:25.307	*	*	76.15	400	*	*
288	2014-03-20 09:30:25.341	76.25	1600	*	*	*	*
289	2014-03-20 09:30:25.341	*	*	*	*	76.25	96000
290	2014-03-20 09:30:25.366	76.25	400	*	*	*	*
291	2014-03-20 09:30:25.366	*	*	*	*	76.25	95600
292	2014-03-20 09:30:25.399	*	*	76.2	800	*	*
293	2014-03-20 09:30:25.439	*	*	*	*	76.25	94400
294	2014-03-20 09:30:25.456	76.25	1200	*	*	*	*
295	2014-03-20 09:30:25.456	*	*	*	*	76.25	93200
296	2014-03-20 09:30:25.468	76.2	400	*	*	*	*
297	2014-03-20 09:30:25.468	*	*	76.2	400	*	*
298	2014-03-20 09:30:25.470	76.2	400	*	*	*	*
299	2014-03-20 09:30:25.470	*	*	76.15	400	*	*
300	2014-03-20 09:30:25.821	76.25	800	*	*	*	*
301	2014-03-20 09:30:25.821	*	*	*	*	76.25	92400
302	2014-03-20 09:30:26.187	76.25	400	*	*	*	*
303	2014-03-20 09:30:26.187	*	*	*	*	76.25	92000
304	2014-03-20 09:30:26.376	*	*	76.2	400	*	*
305	2014-03-20 09:30:26.394	76.25	800	*	*	*	*
306	2014-03-20 09:30:26.394	*	*	*	*	76.25	91200
307	2014-03-20 09:30:26.425	76.25	400	*	*	*	*
308	2014-03-20 09:30:26.425	*	*	*	*	76.25	90800
309	2014-03-20 09:30:26.432	76.25	800	*	*	*	*
310	2014-03-20 09:30:26.432	*	*	*	*	76.25	90000
311	2014-03-20 09:30:26.453	76.25	400	*	*	*	*
312	2014-03-20 09:30:26.453	*	*	*	*	76.25	89600
313	2014-03-20 09:30:26.540	76.25	400	*	*	*	*
314	2014-03-20 09:30:26.540	*	*	*	*	76.25	89200
315	2014-03-20 09:30:26.549	76.25	400	*	*	*	*
316	2014-03-20 09:30:26.549	*	*	*	*	76.25	88800
317	2014-03-20 09:30:26.803	76.25	2000	*	*	*	*
318	2014-03-20 09:30:26.803	*	*	*	*	76.25	86800
319	2014-03-20 09:30:26.834	76.25	800	*	*	*	*
320	2014-03-20 09:30:26.834	*	*	*	*	76.25	86000
321	2014-03-20 09:30:26.847	76.25	400	*	*	*	*
322	2014-03-20 09:30:26.847	*	*	*	*	76.25	85600
323	2014-03-20 09:30:26.952	76.25	400	*	*	*	*
324	2014-03-20 09:30:26.952	*	*	*	*	76.25	85200
325	2014-03-20 09:30:27.443	*	*	*	*	76.25	84400
326	2014-03-20 09:30:27.455	76.25	400	*	*	*	*
327	2014-03-20 09:30:27.455	*	*	*	*	76.25	84000
328	2014-03-20 09:30:27.464	*	*	76.2	800	*	*
329	2014-03-20 09:30:27.468	76.25	400	*	*	*	*
330	2014-03-20 09:30:27.468	*	*	*	*	76.25	83600
331	2014-03-20 09:30:27.490	76.25	800	*	*	*	*
332	2014-03-20 09:30:27.490	*	*	*	*	76.25	82800
333	2014-03-20 09:30:27.517	76.25	400	*	*	*	*
334	2014-03-20 09:30:27.517	*	*	*	*	76.25	82400
335	2014-03-20 09:30:27.556	*	*	76.2	1200	*	*
336	2014-03-20 09:30:27.596	76.25	1200	*	*	*	*
337	2014-03-20 09:30:27.596	*	*	*	*	76.25	81200
338	2014-03-20 09:30:27.607	76.25	400	*	*	*	*
339	2014-03-20 09:30:27.607	*	*	*	*	76.25	80800
340	2014-03-20 09:30:27.681	*	*	*	*	76.25	120800
341	2014-03-20 09:30:27.756	76.25	800	*	*	*	*
342	2014-03-20 09:30:27.756	*	*	*	*	76.25	120000
343	2014-03-20 09:30:27.811	76.25	1200	*	*	*	*
344	2014-03-20 09:30:27.811	*	*	*	*	76.25	118800
345	2014-03-20 09:30:28.283	76.25	400	*	*	*	*
346	2014-03-20 09:30:28.283	*	*	*	*	76.25	118400
347	2014-03-20 09:30:28.323	76.25	400	*	*	*	*
348	2014-03-20 09:30:28.323	*	*	*	*	76.25	118000
349	2014-03-20 09:30:28.343	76.25	400	*	*	*	*
350	2014-03-20 09:30:28.343	*	*	*	*	76.25	117600
351	2014-03-20 09:30:28.380	76.25	400	*	*	*	*
352	2014-03-20 09:30:28.380	*	*	*	*	76.25	117200
353	2014-03-20 09:30:28.492	76.25	400	*	*	*	*
354	2014-03-20 09:30:28.492	*	*	*	*	76.25	116800
355	2014-03-20 09:30:28.511	76.25	400	*	*	*	*
356	2014-03-20 09:30:28.511	*	*	*	*	76.25	116400
357	2014-03-20 09:30:28.512	76.25	400	*	*	*	*
358	2014-03-20 09:30:28.512	*	*	*	*	76.25	116000
359	2014-03-20 09:30:28.517	76.25	4000	*	*	*	*
360	2014-03-20 09:30:28.517	*	*	*	*	76.25	112000
361	2014-03-20 09:30:28.539	*	*	76.2	2400	*	*
362	2014-03-20 09:30:28.679	76.2	400	*	*	*	*
363	2014-03-20 09:30:28.679	76.2	400	*	*	*	*
364	2014-03-20 09:30:28.679	76.2	400	*	*	*	*
365	2014-03-20 09:30:28.679	76.2	1200	*	*	*	*
366	2014-03-20 09:30:28.679	*	*	76.15	400	*	*
367	2014-03-20 09:30:28.740	76.25	800	*	*	*	*
368	2014-03-20 09:30:28.740	*	*	*	*	76.25	111200
369	2014-03-20 09:30:28.745	76.25	800	*	*	*	*
370	2014-03-20 09:30:28.745	*	*	*	*	76.25	110400
371	2014-03-20 09:30:28.842	76.25	2000	*	*	*	*
372	2014-03-20 09:30:28.842	*	*	*	*	76.25	108400
373	2014-03-20 09:30:28.865	76.25	800	*	*	*	*
374	2014-03-20 09:30:28.865	*	*	*	*	76.25	107600
375	2014-03-20 09:30:28.884	76.25	400	*	*	*	*
376	2014-03-20 09:30:28.884	*	*	*	*	76.25	107200
377	2014-03-20 09:30:29.245	*	*	76.2	400	*	*
378	2014-03-20 09:30:29.402	76.25	1600	*	*	*	*
379	2014-03-20 09:30:29.402	*	*	*	*	76.25	105600
380	2014-03-20 09:30:29.403	76.25	400	*	*	*	*
381	2014-03-20 09:30:29.403	*	*	*	*	76.25	105200
382	2014-03-20 09:30:29.437	76.25	400	*	*	*	*
383	2014-03-20 09:30:29.437	*	*	*	*	76.25	104800
384	2014-03-20 09:30:29.479	76.25	800	*	*	*	*
385	2014-03-20 09:30:29.479	*	*	*	*	76.25	104000
386	2014-03-20 09:30:29.493	76.25	400	*	*	*	*
387	2014-03-20 09:30:29.493	*	*	*	*	76.25	103600
388	2014-03-20 09:30:29.514	76.25	1200	*	*	*	*
389	2014-03-20 09:30:29.514	*	*	*	*	76.25	102400
390	2014-03-20 09:30:29.740	76.25	2000	*	*	*	*
391	2014-03-20 09:30:29.740	*	*	*	*	76.25	100400
392	2014-03-20 09:30:30.128	76.2	400	*	*	*	*
393	2014-03-20 09:30:30.128	*	*	76.15	400	*	*
394	2014-03-20 09:30:30.322	76.25	400	*	*	*	*
395	2014-03-20 09:30:30.322	*	*	*	*	76.25	100000
396	2014-03-20 09:30:30.359	76.25	400	*	*	*	*
397	2014-03-20 09:30:30.359	*	*	*	*	76.25	99600
398	2014-03-20 09:30:30.440	76.25	2000	*	*	*	*
399	2014-03-20 09:30:30.440	*	*	*	*	76.25	97600
400	2014-03-20 09:30:30.462	76.25	1200	*	*	*	*
401	2014-03-20 09:30:30.462	*	*	*	*	76.25	96400
402	2014-03-20 09:30:30.630	76.25	400	*	*	*	*
403	2014-03-20 09:30:30.630	*	*	*	*	76.25	96000
404	2014-03-20 09:30:30.636	76.15	400	*	*	*	*
405	2014-03-20 09:30:30.636	76.1	800	*	*	*	*
406	2014-03-20 09:30:30.636	*	*	76.1	29200	*	*
407	2014-03-20 09:30:30.892	*	*	76.2	400	*	*
408	2014-03-20 09:30:31.377	76.25	400	*	*	*	*
409	2014-03-20 09:30:31.377	*	*	*	*	76.25	95600
410	2014-03-20 09:30:31.406	76.25	400	*	*	*	*
411	2014-03-20 09:30:31.406	*	*	*	*	76.25	95200
412	2014-03-20 09:30:31.455	*	*	76.2	800	*	*
413	2014-03-20 09:30:31.461	76.25	400	*	*	*	*
414	2014-03-20 09:30:31.461	*	*	*	*	76.25	94800
415	2014-03-20 09:30:31.515	76.25	1200	*	*	*	*
416	2014-03-20 09:30:31.515	*	*	*	*	76.25	93600
417	2014-03-20 09:30:31.977	*	*	76.2	1200	*	*
418	2014-03-20 09:30:32.033	*	*	76.2	7200	*	*
419	2014-03-20 09:30:32.386	76.25	400	*	*	*	*
420	2014-03-20 09:30:32.386	*	*	*	*	76.25	93200
421	2014-03-20 09:30:32.408	76.25	400	*	*	*	*
422	2014-03-20 09:30:32.408	*	*	*	*	76.25	92800
423	2014-03-20 09:30:32.452	76.25	400	*	*	*	*
424	2014-03-20 09:30:32.452	*	*	*	*	76.25	92400
425	2014-03-20 09:30:32.492	76.25	6000	*	*	*	*
426	2014-03-20 09:30:32.492	*	*	*	*	76.25	86400
427	2014-03-20 09:30:33.360	76.25	800	*	*	*	*
428	2014-03-20 09:30:33.360	*	*	*	*	76.25	85600
429	2014-03-20 09:30:33.458	76.25	400	*	*	*	*
430	2014-03-20 09:30:33.458	*	*	*	*	76.25	85200
431	2014-03-20 09:30:33.509	76.25	400	*	*	*	*
432	2014-03-20 09:30:33.509	*	*	*	*	76.25	84800
433	2014-03-20 09:30:33.540	*	*	76.2	8000	*	*
434	2014-03-20 09:30:33.607	76.25	2000	*	*	*	*
435	2014-03-20 09:30:33.607	*	*	*	*	76.25	82800
436	2014-03-20 09:30:33.684	76.25	400	*	*	*	*
437	2014-03-20 09:30:33.684	*	*	*	*	76.25	82400
438	2014-03-20 09:30:33.818	76.25	400	*	*	*	*
439	2014-03-20 09:30:33.818	76.25	400	*	*	*	*
440	2014-03-20 09:30:33.818	*	*	*	*	76.25	81600
441	2014-03-20 09:30:33.853	76.25	400	*	*	*	*
442	2014-03-20 09:30:33.853	*	*	*	*	76.25	81200
443	2014-03-20 09:30:34.373	76.25	400	*	*	*	*
444	2014-03-20 09:30:34.373	*	*	*	*	76.25	80800
445	2014-03-20 09:30:34.420	76.25	400	*	*	*	*
446	2014-03-20 09:30:34.420	*	*	*	*	76.25	80400
447	2014-03-20 09:30:34.463	76.25	400	*	*	*	*
448	2014-03-20 09:30:34.463	*	*	*	*	76.25	80000
449	2014-03-20 09:30:34.465	*	*	76.2	8400	*	*
450	2014-03-20 09:30:34.465	*	*	76.2	8800	*	*
451	2014-03-20 09:30:34.523	76.25	2000	*	*	*	*
452	2014-03-20 09:30:34.523	*	*	*	*	76.25	78000
453	2014-03-20 09:30:34.912	*	*	*	*	76.25	80000
454	2014-03-20 09:30:34.973	76.25	800	*	*	*	*
455	2014-03-20 09:30:34.973	*	*	*	*	76.25	79200
456	2014-03-20 09:30:35.055	76.2	400	*	*	*	*
457	2014-03-20 09:30:35.055	76.2	400	*	*	*	*
458	2014-03-20 09:30:35.055	76.2	400	*	*	*	*
459	2014-03-20 09:30:35.055	76.2	800	*	*	*	*
460	2014-03-20 09:30:35.055	*	*	76.2	6800	*	*
461	2014-03-20 09:30:35.070	76.2	400	*	*	*	*
462	2014-03-20 09:30:35.070	*	*	76.2	6400	*	*
463	2014-03-20 09:30:35.190	76.2	3600	*	*	*	*
464	2014-03-20 09:30:35.190	*	*	76.2	2800	*	*
465	2014-03-20 09:30:35.192	76.2	1200	*	*	*	*
466	2014-03-20 09:30:35.192	76.2	800	*	*	*	*
467	2014-03-20 09:30:35.192	76.2	400	*	*	*	*
468	2014-03-20 09:30:35.192	76.2	400	*	*	*	*
469	2014-03-20 09:30:35.192	*	*	76.15	1200	*	*
470	2014-03-20 09:30:35.337	76.25	400	*	*	*	*
471	2014-03-20 09:30:35.337	*	*	*	*	76.25	78800
472	2014-03-20 09:30:35.342	76.25	400	*	*	*	*
473	2014-03-20 09:30:35.342	*	*	*	*	76.25	78400
474	2014-03-20 09:30:35.378	76.25	400	*	*	*	*
475	2014-03-20 09:30:35.378	*	*	*	*	76.25	78000
476	2014-03-20 09:30:35.409	76.25	800	*	*	*	*
477	2014-03-20 09:30:35.409	*	*	*	*	76.25	77200
478	2014-03-20 09:30:35.413	76.25	800	*	*	*	*
479	2014-03-20 09:30:35.413	76.25	3200	*	*	*	*
480	2014-03-20 09:30:35.413	76.25	400	*	*	*	*
481	2014-03-20 09:30:35.413	76.25	2000	*	*	*	*
482	2014-03-20 09:30:35.413	*	*	*	*	76.25	70800
483	2014-03-20 09:30:35.428	*	*	76.2	2800	*	*
484	2014-03-20 09:30:35.447	76.25	400	*	*	*	*
485	2014-03-20 09:30:35.447	*	*	*	*	76.25	70400
486	2014-03-20 09:30:35.459	*	*	*	*	76.25	68800
487	2014-03-20 09:30:35.467	76.25	800	*	*	*	*
488	2014-03-20 09:30:35.467	*	*	*	*	76.25	68000
489	2014-03-20 09:30:36.361	76.25	800	*	*	*	*
490	2014-03-20 09:30:36.361	*	*	*	*	76.25	67200
491	2014-03-20 09:30:36.456	76.25	800	*	*	*	*
492	2014-03-20 09:30:36.456	*	*	*	*	76.25	66400
493	2014-03-20 09:30:36.572	76.2	800	*	*	*	*
494	2014-03-20 09:30:36.572	*	*	76.2	2000	*	*
495	2014-03-20 09:30:36.627	*	*	76.2	10800	*	*
496	2014-03-20 09:30:37.450	76.25	800	*	*	*	*
497	2014-03-20 09:30:37.450	*	*	*	*	76.25	65600
498	2014-03-20 09:30:37.455	*	*	*	*	76.25	65200
499	2014-03-20 09:30:37.605	*	*	76.2	11200	*	*
500	2014-03-20 09:30:37.976	76.25	400	*	*	*	*
501	2014-03-20 09:30:37.976	*	*	*	*	76.25	64800
502	2014-03-20 09:30:38.445	76.25	1200	*	*	*	*
503	2014-03-20 09:30:38.445	*	*	*	*	76.25	63600
504	2014-03-20 09:30:38.470	*	*	76.2	9200	*	*
505	2014-03-20 09:30:38.470	76.25	400	*	*	*	*
506	2014-03-20 09:30:38.470	*	*	*	*	76.25	63200
507	2014-03-20 09:30:38.710	*	*	76.2	10000	*	*
508	2014-03-20 09:30:38.831	76.25	800	*	*	*	*
509	2014-03-20 09:30:38.831	*	*	*	*	76.25	62400
510	2014-03-20 09:30:39.460	*	*	*	*	76.25	62000
511	2014-03-20 09:30:39.579	*	*	76.2	10400	*	*
512	2014-03-20 09:30:40.112	76.2	2000	*	*	*	*
513	2014-03-20 09:30:40.112	*	*	76.2	8400	*	*
514	2014-03-20 09:30:40.234	76.2	400	*	*	*	*
515	2014-03-20 09:30:40.234	*	*	76.2	8000	*	*
516	2014-03-20 09:30:40.664	*	*	76.2	8800	*	*
517	2014-03-20 09:30:40.864	76.25	400	*	*	*	*
518	2014-03-20 09:30:40.864	*	*	*	*	76.25	61600
519	2014-03-20 09:30:41.463	*	*	*	*	76.25	58400
520	2014-03-20 09:30:41.484	*	*	*	*	76.25	55600
521	2014-03-20 09:30:41.555	*	*	76.2	9200	*	*
522	2014-03-20 09:30:41.887	76.25	3200	*	*	*	*
523	2014-03-20 09:30:41.887	*	*	*	*	76.25	52400
524	2014-03-20 09:30:42.396	76.25	800	*	*	*	*
525	2014-03-20 09:30:42.396	*	*	*	*	76.25	51600
526	2014-03-20 09:30:42.408	76.2	400	*	*	*	*
527	2014-03-20 09:30:42.408	*	*	76.2	8800	*	*
528	2014-03-20 09:30:42.451	76.25	400	*	*	*	*
529	2014-03-20 09:30:42.451	*	*	*	*	76.25	51200
530	2014-03-20 09:30:42.885	76.25	400	*	*	*	*
531	2014-03-20 09:30:42.885	*	*	*	*	76.25	50800
532	2014-03-20 09:30:42.912	76.25	1200	*	*	*	*
533	2014-03-20 09:30:42.912	*	*	*	*	76.25	49600
534	2014-03-20 09:30:43.484	*	*	*	*	76.25	54800
535	2014-03-20 09:30:44.483	76.25	400	*	*	*	*
536	2014-03-20 09:30:44.483	*	*	*	*	76.25	54400
537	2014-03-20 09:30:44.614	*	*	76.2	9200	*	*
538	2014-03-20 09:30:44.910	76.25	2000	*	*	*	*
539	2014-03-20 09:30:44.910	*	*	*	*	76.25	52400
540	2014-03-20 09:30:44.921	76.2	400	*	*	*	*
541	2014-03-20 09:30:44.921	*	*	76.2	8800	*	*
542	2014-03-20 09:30:44.923	76.25	400	*	*	*	*
543	2014-03-20 09:30:44.923	*	*	*	*	76.25	52000
544	2014-03-20 09:30:45.313	76.2	400	*	*	*	*
545	2014-03-20 09:30:45.313	*	*	76.2	8400	*	*
546	2014-03-20 09:30:45.440	76.25	800	*	*	*	*
547	2014-03-20 09:30:45.440	*	*	*	*	76.25	51200
548	2014-03-20 09:30:45.470	*	*	*	*	76.25	50800
549	2014-03-20 09:30:45.476	*	*	76.2	8800	*	*
550	2014-03-20 09:30:45.893	76.25	400	*	*	*	*
551	2014-03-20 09:30:45.893	*	*	*	*	76.25	50400
552	2014-03-20 09:30:45.913	76.25	400	*	*	*	*
553	2014-03-20 09:30:45.913	*	*	*	*	76.25	50000
554	2014-03-20 09:30:47.345	76.25	400	*	*	*	*
555	2014-03-20 09:30:47.345	*	*	*	*	76.25	49600
556	2014-03-20 09:30:47.361	76.25	800	*	*	*	*
557	2014-03-20 09:30:47.361	*	*	*	*	76.25	48800
558	2014-03-20 09:30:47.364	76.2	400	*	*	*	*
559	2014-03-20 09:30:47.364	*	*	76.2	8400	*	*
560	2014-03-20 09:30:47.391	76.25	800	*	*	*	*
561	2014-03-20 09:30:47.391	*	*	*	*	76.25	48000
562	2014-03-20 09:30:47.421	76.25	400	*	*	*	*
563	2014-03-20 09:30:47.421	*	*	*	*	76.25	47600
564	2014-03-20 09:30:47.441	76.25	400	*	*	*	*
565	2014-03-20 09:30:47.441	*	*	*	*	76.25	47200
566	2014-03-20 09:30:47.476	*	*	*	*	76.25	46800
567	2014-03-20 09:30:47.523	*	*	76.2	8800	*	*
568	2014-03-20 09:30:47.779	76.25	400	*	*	*	*
569	2014-03-20 09:30:47.779	*	*	*	*	76.25	46400
570	2014-03-20 09:30:48.365	76.25	800	*	*	*	*
571	2014-03-20 09:30:48.365	*	*	*	*	76.25	45600
572	2014-03-20 09:30:48.384	76.2	400	*	*	*	*
573	2014-03-20 09:30:48.384	*	*	76.2	8400	*	*
574	2014-03-20 09:30:48.416	*	*	76.2	9200	*	*
575	2014-03-20 09:30:49.142	*	*	76.2	10000	*	*
576	2014-03-20 09:30:49.465	*	*	76.2	10800	*	*
577	2014-03-20 09:30:49.468	*	*	76.2	11600	*	*
578	2014-03-20 09:30:49.752	76.25	800	*	*	*	*
579	2014-03-20 09:30:49.752	*	*	*	*	76.25	44800
580	2014-03-20 09:30:49.793	76.25	400	*	*	*	*
581	2014-03-20 09:30:49.793	*	*	*	*	76.25	44400
582	2014-03-20 09:30:50.479	76.25	1200	*	*	*	*
583	2014-03-20 09:30:50.479	*	*	*	*	76.25	43200
584	2014-03-20 09:30:50.635	*	*	*	*	76.25	46000
585	2014-03-20 09:30:50.871	76.25	400	*	*	*	*
586	2014-03-20 09:30:50.871	*	*	*	*	76.25	45600
587	2014-03-20 09:30:50.886	76.25	800	*	*	*	*
588	2014-03-20 09:30:50.886	*	*	*	*	76.25	44800
589	2014-03-20 09:30:50.906	76.2	400	*	*	*	*
590	2014-03-20 09:30:50.906	*	*	76.2	11200	*	*
591	2014-03-20 09:30:51.235	*	*	*	*	76.25	45600
592	2014-03-20 09:30:51.242	76.25	35600	*	*	*	*
593	2014-03-20 09:30:51.242	76.25	2000	*	*	*	*
594	2014-03-20 09:30:51.242	76.25	2400	*	*	*	*
595	2014-03-20 09:30:51.242	*	*	*	*	76.25	5600
596	2014-03-20 09:30:51.258	76.2	1200	*	*	*	*
597	2014-03-20 09:30:51.258	*	*	76.2	10000	*	*
598	2014-03-20 09:30:51.266	76.2	400	*	*	*	*
599	2014-03-20 09:30:51.266	*	*	76.2	9600	*	*
600	2014-03-20 09:30:51.347	76.2	1200	*	*	*	*
601	2014-03-20 09:30:51.347	*	*	76.2	8400	*	*
602	2014-03-20 09:30:51.499	*	*	*	*	76.25	4000
603	2014-03-20 09:30:51.529	76.25	400	*	*	*	*
604	2014-03-20 09:30:51.529	76.25	400	*	*	*	*
605	2014-03-20 09:30:51.529	*	*	*	*	76.25	3200
606	2014-03-20 09:30:51.542	76.2	400	*	*	*	*
607	2014-03-20 09:30:51.542	*	*	76.2	8000	*	*
608	2014-03-20 09:30:51.809	*	*	76.2	8800	*	*
609	2014-03-20 09:30:51.823	*	*	76.2	8400	*	*
610	2014-03-20 09:30:51.826	76.25	1200	*	*	*	*
611	2014-03-20 09:30:51.826	*	*	*	*	76.25	2000
612	2014-03-20 09:30:52.321	76.25	400	*	*	*	*
613	2014-03-20 09:30:52.321	*	*	*	*	76.25	1600
614	2014-03-20 09:30:52.444	76.25	400	*	*	*	*
615	2014-03-20 09:30:52.444	*	*	*	*	76.25	1200
616	2014-03-20 09:30:52.499	*	*	76.2	11200	*	*
617	2014-03-20 09:30:52.668	76.25	400	*	*	*	*
618	2014-03-20 09:30:52.668	76.25	800	*	*	*	*
619	2014-03-20 09:30:52.668	*	*	*	*	76.3	39600
620	2014-03-20 09:30:52.681	*	*	*	*	76.3	35600
621	2014-03-20 09:30:52.774	*	*	*	*	76.3	32400
622	2014-03-20 09:30:52.778	*	*	*	*	76.3	31600
623	2014-03-20 09:30:52.802	*	*	76.2	12000	*	*
624	2014-03-20 09:30:53.138	*	*	*	*	76.3	31200
625	2014-03-20 09:30:53.531	76.3	4000	*	*	*	*
626	2014-03-20 09:30:53.531	*	*	*	*	76.3	27200
627	2014-03-20 09:30:53.935	76.2	800	*	*	*	*
628	2014-03-20 09:30:53.935	*	*	76.2	11200	*	*
629	2014-03-20 09:30:54.708	*	*	*	*	76.3	30000
630	2014-03-20 09:30:54.809	76.3	800	*	*	*	*
631	2014-03-20 09:30:54.809	*	*	*	*	76.3	29200
632	2014-03-20 09:30:55.004	*	*	76.25	400	*	*
633	2014-03-20 09:30:55.077	76.25	400	*	*	*	*
634	2014-03-20 09:30:55.077	*	*	76.2	11200	*	*
635	2014-03-20 09:30:55.172	*	*	76.2	11600	*	*
636	2014-03-20 09:30:55.276	*	*	76.2	12800	*	*
637	2014-03-20 09:30:55.706	*	*	76.2	13200	*	*
638	2014-03-20 09:30:56.275	*	*	76.25	800	*	*
639	2014-03-20 09:30:56.373	76.3	2000	*	*	*	*
640	2014-03-20 09:30:56.373	*	*	*	*	76.3	27200
641	2014-03-20 09:30:56.718	*	*	*	*	76.3	26800
642	2014-03-20 09:30:58.263	*	*	76.25	1600	*	*
643	2014-03-20 09:30:59.168	*	*	76.25	11600	*	*
644	2014-03-20 09:31:01.330	76.3	800	*	*	*	*
645	2014-03-20 09:31:01.330	*	*	*	*	76.3	26000
646	2014-03-20 09:31:01.348	76.25	400	*	*	*	*
647	2014-03-20 09:31:01.348	*	*	76.25	11200	*	*
648	2014-03-20 09:31:01.376	76.3	2400	*	*	*	*
649	2014-03-20 09:31:01.376	*	*	*	*	76.3	23600
650	2014-03-20 09:31:01.967	*	*	76.25	12400	*	*
651	2014-03-20 09:31:02.817	*	*	76.25	12800	*	*
652	2014-03-20 09:31:03.356	*	*	*	*	76.3	23200
653	2014-03-20 09:31:03.503	76.3	800	*	*	*	*
654	2014-03-20 09:31:03.503	*	*	*	*	76.3	22400
655	2014-03-20 09:31:03.521	76.25	400	*	*	*	*
656	2014-03-20 09:31:03.521	*	*	76.25	12400	*	*
657	2014-03-20 09:31:03.899	76.3	2000	*	*	*	*
658	2014-03-20 09:31:03.899	*	*	*	*	76.3	20400
659	2014-03-20 09:31:03.910	76.3	400	*	*	*	*
660	2014-03-20 09:31:03.910	*	*	*	*	76.3	20000
661	2014-03-20 09:31:03.923	*	*	76.25	13200	*	*
662	2014-03-20 09:31:03.932	76.25	800	*	*	*	*
663	2014-03-20 09:31:03.932	*	*	76.25	12400	*	*
664	2014-03-20 09:31:03.942	76.25	2000	*	*	*	*
665	2014-03-20 09:31:03.942	*	*	76.25	10400	*	*
666	2014-03-20 09:31:03.955	76.25	400	*	*	*	*
667	2014-03-20 09:31:03.955	*	*	76.25	10000	*	*
668	2014-03-20 09:31:04.859	*	*	76.25	10800	*	*
669	2014-03-20 09:31:04.877	76.25	2000	*	*	*	*
670	2014-03-20 09:31:04.877	*	*	76.25	8800	*	*
671	2014-03-20 09:31:04.893	76.25	400	*	*	*	*
672	2014-03-20 09:31:04.893	*	*	76.25	8400	*	*
673	2014-03-20 09:31:04.933	76.3	800	*	*	*	*
674	2014-03-20 09:31:04.933	*	*	*	*	76.3	19200
675	2014-03-20 09:31:05.356	*	*	*	*	76.3	18800
676	2014-03-20 09:31:05.595	*	*	76.25	8800	*	*
677	2014-03-20 09:31:05.833	76.25	1200	*	*	*	*
678	2014-03-20 09:31:05.833	*	*	76.25	7600	*	*
679	2014-03-20 09:31:05.901	*	*	76.25	8400	*	*
680	2014-03-20 09:31:06.340	76.3	1600	*	*	*	*
681	2014-03-20 09:31:06.340	*	*	*	*	76.3	17200
682	2014-03-20 09:31:06.357	76.25	400	*	*	*	*
683	2014-03-20 09:31:06.357	*	*	76.25	8000	*	*
684	2014-03-20 09:31:06.685	*	*	76.25	9600	*	*
685	2014-03-20 09:31:08.346	76.25	3600	*	*	*	*
686	2014-03-20 09:31:08.346	76.25	1200	*	*	*	*
687	2014-03-20 09:31:08.346	76.25	400	*	*	*	*
688	2014-03-20 09:31:08.346	76.25	800	*	*	*	*
689	2014-03-20 09:31:08.346	76.25	800	*	*	*	*
690	2014-03-20 09:31:08.346	76.25	400	*	*	*	*
691	2014-03-20 09:31:08.346	76.25	800	*	*	*	*
692	2014-03-20 09:31:08.346	76.25	1600	*	*	*	*
693	2014-03-20 09:31:08.346	76.2	800	*	*	*	*
694	2014-03-20 09:31:08.346	76.2	400	*	*	*	*
695	2014-03-20 09:31:08.346	76.2	800	*	*	*	*
696	2014-03-20 09:31:08.346	76.2	400	*	*	*	*
697	2014-03-20 09:31:08.346	76.2	400	*	*	*	*
698	2014-03-20 09:31:08.346	76.2	400	*	*	*	*
699	2014-03-20 09:31:08.346	76.2	400	*	*	*	*
700	2014-03-20 09:31:08.346	76.2	800	*	*	*	*
701	2014-03-20 09:31:08.346	76.2	800	*	*	*	*
702	2014-03-20 09:31:08.346	76.2	800	*	*	*	*
703	2014-03-20 09:31:08.346	76.2	800	*	*	*	*
704	2014-03-20 09:31:08.346	76.2	800	*	*	*	*
705	2014-03-20 09:31:08.346	76.2	2800	*	*	*	*
706	2014-03-20 09:31:08.346	76.2	400	*	*	*	*
707	2014-03-20 09:31:08.346	76.2	400	*	*	*	*
708	2014-03-20 09:31:08.346	76.2	1200	*	*	*	*
709	2014-03-20 09:31:08.346	76.2	400	*	*	*	*
710	2014-03-20 09:31:08.346	76.2	1200	*	*	*	*
711	2014-03-20 09:31:08.346	76.2	4000	*	*	*	*
712	2014-03-20 09:31:08.346	*	*	76.2	4400	*	*
713	2014-03-20 09:31:08.596	*	*	*	*	76.3	19200
714	2014-03-20 09:31:08.875	*	*	76.25	400	*	*
715	2014-03-20 09:31:09.491	76.25	400	*	*	*	*
716	2014-03-20 09:31:09.491	*	*	76.2	4400	*	*
717	2014-03-20 09:31:10.231	76.2	2000	*	*	*	*
718	2014-03-20 09:31:10.231	76.2	400	*	*	*	*
719	2014-03-20 09:31:10.231	76.2	400	*	*	*	*
720	2014-03-20 09:31:10.231	*	*	76.2	1600	*	*
721	2014-03-20 09:31:10.243	76.2	400	*	*	*	*
722	2014-03-20 09:31:10.243	*	*	76.2	1200	*	*
723	2014-03-20 09:31:10.441	76.2	800	*	*	*	*
724	2014-03-20 09:31:10.441	76.2	400	*	*	*	*
725	2014-03-20 09:31:10.441	*	*	76.15	20000	*	*
726	2014-03-20 09:31:10.445	*	*	*	*	76.3	18400
727	2014-03-20 09:31:11.073	*	*	76.2	1200	*	*
728	2014-03-20 09:31:14.142	*	*	76.2	7600	*	*
729	2014-03-20 09:31:17.043	*	*	*	*	76.3	36800
730	2014-03-20 09:31:17.061	*	*	*	*	76.3	38800
731	2014-03-20 09:31:18.405	*	*	*	*	76.3	40000
732	2014-03-20 09:31:19.137	*	*	*	*	76.3	56000
733	2014-03-20 09:31:23.282	76.2	400	*	*	*	*
734	2014-03-20 09:31:23.282	*	*	76.2	7200	*	*
735	2014-03-20 09:31:24.691	*	*	76.2	14400	*	*
736	2014-03-20 09:31:26.432	75.5	41	*	*	*	*
737	2014-03-20 09:31:26.710	*	*	*	*	76.25	400
738	2014-03-20 09:31:26.711	76.25	400	*	*	*	*
739	2014-03-20 09:31:26.711	*	*	*	*	76.3	56000
740	2014-03-20 09:31:26.728	*	*	*	*	76.3	54800
741	2014-03-20 09:31:27.328	*	*	76.2	13600	*	*
742	2014-03-20 09:31:27.553	*	*	76.2	14000	*	*
743	2014-03-20 09:31:28.039	*	*	*	*	76.25	1200
744	2014-03-20 09:31:28.091	*	*	76.2	14400	*	*
745	2014-03-20 09:31:29.758	*	*	76.2	8000	*	*
746	2014-03-20 09:31:30.365	76.25	1200	*	*	*	*
747	2014-03-20 09:31:30.365	*	*	*	*	76.3	58000
748	2014-03-20 09:31:31.680	76.2	2800	*	*	*	*
749	2014-03-20 09:31:31.680	*	*	76.2	5200	*	*
750	2014-03-20 09:31:31.699	76.2	400	*	*	*	*
751	2014-03-20 09:31:31.699	*	*	76.2	4800	*	*
752	2014-03-20 09:31:33.224	*	*	76.2	4400	*	*
753	2014-03-20 09:31:33.362	*	*	76.2	4000	*	*
754	2014-03-20 09:31:35.543	*	*	76.2	4800	*	*
755	2014-03-20 09:31:35.636	76.3	400	*	*	*	*
756	2014-03-20 09:31:35.636	*	*	*	*	76.3	57600
757	2014-03-20 09:31:37.054	76.3	800	*	*	*	*
758	2014-03-20 09:31:37.054	*	*	*	*	76.3	56800
759	2014-03-20 09:31:37.257	*	*	76.2	24800	*	*
760	2014-03-20 09:31:38.434	*	*	76.2	26000	*	*
761	2014-03-20 09:31:38.600	*	*	76.2	26400	*	*
762	2014-03-20 09:31:39.077	*	*	76.2	42400	*	*
763	2014-03-20 09:31:39.084	*	*	76.2	42800	*	*
764	2014-03-20 09:31:39.094	*	*	76.2	43200	*	*
765	2014-03-20 09:31:40.334	*	*	76.2	44800	*	*
766	2014-03-20 09:31:41.466	*	*	*	*	76.3	77600
767	2014-03-20 09:31:42.486	*	*	*	*	76.3	79200
768	2014-03-20 09:31:42.874	*	*	*	*	76.3	78000
769	2014-03-20 09:31:42.874	*	*	*	*	76.3	80400
770	2014-03-20 09:31:43.144	*	*	*	*	76.3	82800
771	2014-03-20 09:31:46.986	*	*	*	*	76.3	102800
772	2014-03-20 09:31:46.998	*	*	*	*	76.3	98800
773	2014-03-20 09:31:47.015	*	*	*	*	76.3	108000
774	2014-03-20 09:31:47.054	*	*	*	*	76.3	106800
775	2014-03-20 09:31:47.054	*	*	*	*	76.3	109200
776	2014-03-20 09:31:48.576	*	*	76.2	45600	*	*
777	2014-03-20 09:31:49.093	*	*	*	*	76.3	126000
778	2014-03-20 09:31:49.705	*	*	*	*	76.3	123600
779	2014-03-20 09:31:49.705	*	*	*	*	76.3	127200
780	2014-03-20 09:31:50.218	76.2	800	*	*	*	*
781	2014-03-20 09:31:50.218	*	*	76.2	44800	*	*
782	2014-03-20 09:31:50.232	76.2	400	*	*	*	*
783	2014-03-20 09:31:50.232	*	*	76.2	44400	*	*
784	2014-03-20 09:31:51.472	*	*	76.2	44800	*	*
785	2014-03-20 09:31:52.892	*	*	76.25	1200	*	*
786	2014-03-20 09:31:52.965	76.25	1200	*	*	*	*
787	2014-03-20 09:31:52.965	*	*	76.2	44800	*	*
788	2014-03-20 09:31:56.950	*	*	76.2	46000	*	*
789	2014-03-20 09:32:00.327	*	*	*	*	76.3	111200
790	2014-03-20 09:32:01.830	*	*	*	*	76.3	110400
791	2014-03-20 09:32:04.726	*	*	*	*	76.25	400
792	2014-03-20 09:32:04.728	76.25	400	*	*	*	*
793	2014-03-20 09:32:04.728	*	*	*	*	76.3	110400
794	2014-03-20 09:32:05.346	76.3	800	*	*	*	*
795	2014-03-20 09:32:05.346	*	*	*	*	76.3	109600
796	2014-03-20 09:32:05.433	76.2	2000	*	*	*	*
797	2014-03-20 09:32:05.433	*	*	76.2	44000	*	*
798	2014-03-20 09:32:05.446	76.2	400	*	*	*	*
799	2014-03-20 09:32:05.446	*	*	76.2	43600	*	*
800	2014-03-20 09:32:05.520	76.3	400	*	*	*	*
801	2014-03-20 09:32:05.520	*	*	*	*	76.3	109200
802	2014-03-20 09:32:05.782	76.3	400	*	*	*	*
803	2014-03-20 09:32:05.782	*	*	*	*	76.3	108800
804	2014-03-20 09:32:05.912	76.3	400	*	*	*	*
805	2014-03-20 09:32:05.912	*	*	*	*	76.3	108400
806	2014-03-20 09:32:06.171	76.3	1200	*	*	*	*
807	2014-03-20 09:32:06.171	*	*	*	*	76.3	107200
808	2014-03-20 09:32:06.743	*	*	*	*	76.3	106800
809	2014-03-20 09:32:06.785	76.3	2000	*	*	*	*
810	2014-03-20 09:32:06.785	*	*	*	*	76.3	104800
811	2014-03-20 09:32:06.789	76.3	800	*	*	*	*
812	2014-03-20 09:32:06.789	*	*	*	*	76.3	104000
813	2014-03-20 09:32:06.796	76.2	400	*	*	*	*
814	2014-03-20 09:32:06.796	*	*	76.2	43200	*	*
815	2014-03-20 09:32:06.965	76.3	1200	*	*	*	*
816	2014-03-20 09:32:06.965	*	*	*	*	76.3	102800
817	2014-03-20 09:32:06.977	76.2	400	*	*	*	*
818	2014-03-20 09:32:06.977	*	*	76.2	42800	*	*
819	2014-03-20 09:32:07.351	76.3	400	*	*	*	*
820	2014-03-20 09:32:07.351	*	*	*	*	76.3	102400
821	2014-03-20 09:32:07.481	76.3	400	*	*	*	*
822	2014-03-20 09:32:07.481	*	*	*	*	76.3	102000
823	2014-03-20 09:32:07.697	76.3	400	*	*	*	*
824	2014-03-20 09:32:07.697	*	*	*	*	76.3	101600
825	2014-03-20 09:32:07.796	76.3	400	*	*	*	*
826	2014-03-20 09:32:07.796	*	*	*	*	76.3	101200
827	2014-03-20 09:32:07.836	*	*	76.2	42000	*	*
828	2014-03-20 09:32:07.838	76.3	800	*	*	*	*
829	2014-03-20 09:32:07.838	*	*	*	*	76.3	100400
830	2014-03-20 09:32:08.489	76.3	400	*	*	*	*
831	2014-03-20 09:32:08.489	*	*	*	*	76.3	100000
832	2014-03-20 09:32:08.662	*	*	76.2	42400	*	*
833	2014-03-20 09:32:08.714	*	*	76.2	42000	*	*
834	2014-03-20 09:32:08.714	76.3	400	*	*	*	*
835	2014-03-20 09:32:08.714	*	*	*	*	76.3	99600
836	2014-03-20 09:32:08.752	*	*	*	*	76.3	98800
837	2014-03-20 09:32:08.883	*	*	76.2	42400	*	*
838	2014-03-20 09:32:09.491	76.3	400	*	*	*	*
839	2014-03-20 09:32:09.491	*	*	*	*	76.3	98400
840	2014-03-20 09:32:09.509	76.2	400	*	*	*	*
841	2014-03-20 09:32:09.509	*	*	76.2	42000	*	*
842	2014-03-20 09:32:09.664	76.3	400	*	*	*	*
843	2014-03-20 09:32:09.664	*	*	*	*	76.3	98000
844	2014-03-20 09:32:09.850	76.3	800	*	*	*	*
845	2014-03-20 09:32:09.850	*	*	*	*	76.3	97200
846	2014-03-20 09:32:10.066	76.3	400	*	*	*	*
847	2014-03-20 09:32:10.066	*	*	*	*	76.3	96800
848	2014-03-20 09:32:10.279	76.3	400	*	*	*	*
849	2014-03-20 09:32:10.279	*	*	*	*	76.3	96400
850	2014-03-20 09:32:10.720	76.3	400	*	*	*	*
851	2014-03-20 09:32:10.720	*	*	*	*	76.3	96000
852	2014-03-20 09:32:10.877	*	*	76.2	42400	*	*
853	2014-03-20 09:32:10.894	76.3	400	*	*	*	*
854	2014-03-20 09:32:10.894	*	*	*	*	76.3	95600
855	2014-03-20 09:32:11.066	76.3	400	*	*	*	*
856	2014-03-20 09:32:11.066	*	*	*	*	76.3	95200
857	2014-03-20 09:32:11.241	76.3	400	*	*	*	*
858	2014-03-20 09:32:11.241	76.3	800	*	*	*	*
859	2014-03-20 09:32:11.241	*	*	*	*	76.3	94000
860	2014-03-20 09:32:11.252	76.2	400	*	*	*	*
861	2014-03-20 09:32:11.252	*	*	76.2	42000	*	*
862	2014-03-20 09:32:11.706	76.3	800	*	*	*	*
863	2014-03-20 09:32:11.706	76.3	4400	*	*	*	*
864	2014-03-20 09:32:11.706	*	*	*	*	76.3	88800
865	2014-03-20 09:32:11.904	*	*	76.25	400	*	*
866	2014-03-20 09:32:12.752	*	*	*	*	76.3	80800
867	2014-03-20 09:32:12.763	*	*	76.25	800	*	*
868	2014-03-20 09:32:13.720	*	*	*	*	76.3	80400
869	2014-03-20 09:32:14.169	76.3	4000	*	*	*	*
870	2014-03-20 09:32:14.169	*	*	*	*	76.3	76400
871	2014-03-20 09:32:18.640	*	*	76.25	400	*	*
872	2014-03-20 09:32:20.233	*	*	*	*	76.3	92400
873	2014-03-20 09:32:21.297	*	*	76.25	800	*	*
874	2014-03-20 09:32:23.201	76.25	400	*	*	*	*
875	2014-03-20 09:32:23.201	76.25	400	*	*	*	*
876	2014-03-20 09:32:23.201	*	*	76.2	24000	76.25	1200
877	2014-03-20 09:32:23.381	*	*	*	*	76.25	3600
878	2014-03-20 09:32:23.387	*	*	*	*	76.25	5200
879	2014-03-20 09:32:25.114	*	*	*	*	76.25	22000
880	2014-03-20 09:32:25.456	*	*	*	*	76.25	23600
881	2014-03-20 09:32:27.264	76.2	1200	*	*	*	*
882	2014-03-20 09:32:27.264	*	*	76.2	22800	*	*
883	2014-03-20 09:32:27.521	*	*	*	*	76.25	24800
884	2014-03-20 09:32:28.835	*	*	*	*	76.25	40800
885	2014-03-20 09:32:30.370	*	*	*	*	76.25	61600
886	2014-03-20 09:32:30.901	*	*	*	*	76.25	63600
887	2014-03-20 09:32:32.676	*	*	76.2	33600	*	*
888	2014-03-20 09:32:34.079	*	*	76.2	34000	*	*
889	2014-03-20 09:32:38.395	*	*	76.2	50000	*	*
890	2014-03-20 09:32:39.661	*	*	76.2	34000	*	*
891	2014-03-20 09:32:40.145	*	*	76.2	34400	*	*
892	2014-03-20 09:32:41.888	*	*	*	*	76.25	88400
893	2014-03-20 09:32:42.993	*	*	*	*	76.25	89600
894	2014-03-20 09:32:47.849	76.25	400	*	*	*	*
895	2014-03-20 09:32:47.849	*	*	*	*	76.25	89200
896	2014-03-20 09:32:48.063	*	*	76.2	34800	*	*
897	2014-03-20 09:32:48.858	*	*	76.2	35600	*	*
898	2014-03-20 09:32:50.875	76.25	800	*	*	*	*
899	2014-03-20 09:32:50.875	*	*	*	*	76.25	88400
900	2014-03-20 09:32:51.175	*	*	76.2	36000	*	*
901	2014-03-20 09:32:54.095	*	*	*	*	76.25	90400
902	2014-03-20 09:32:57.065	76.2	18400	*	*	*	*
903	2014-03-20 09:32:57.065	76.2	400	*	*	*	*
904	2014-03-20 09:32:57.065	76.2	400	*	*	*	*
905	2014-03-20 09:32:57.065	76.2	1200	*	*	*	*
906	2014-03-20 09:32:57.065	76.2	400	*	*	*	*
907	2014-03-20 09:32:57.065	76.2	400	*	*	*	*
908	2014-03-20 09:32:57.065	76.2	800	*	*	*	*
909	2014-03-20 09:32:57.065	76.2	800	*	*	*	*
910	2014-03-20 09:32:57.065	76.2	10800	*	*	*	*
911	2014-03-20 09:32:57.065	76.2	400	*	*	*	*
912	2014-03-20 09:32:57.065	76.2	400	*	*	*	*
913	2014-03-20 09:32:57.065	76.2	400	*	*	*	*
914	2014-03-20 09:32:57.065	76.2	800	*	*	*	*
915	2014-03-20 09:32:57.065	76.2	400	*	*	*	*
916	2014-03-20 09:32:57.065	*	*	76.15	43600	*	*
917	2014-03-20 09:32:57.066	*	*	*	*	76.25	89200
918	2014-03-20 09:32:57.067	*	*	*	*	76.2	1200
919	2014-03-20 09:32:57.244	*	*	*	*	76.2	2800
920	2014-03-20 09:32:57.252	*	*	*	*	76.2	4800
921	2014-03-20 09:32:57.259	*	*	*	*	76.2	7200
922	2014-03-20 09:32:57.575	*	*	*	*	76.2	23200
923	2014-03-20 09:32:57.733	*	*	76.15	27600	*	*
924	2014-03-20 09:32:58.072	*	*	76.15	45600	*	*
925	2014-03-20 09:32:58.530	*	*	*	*	76.2	24400
926	2014-03-20 09:32:59.254	*	*	*	*	76.2	26800
927	2014-03-20 09:32:59.435	*	*	76.15	46400	*	*
928	2014-03-20 09:33:00.254	76.15	3600	*	*	*	*
929	2014-03-20 09:33:00.254	*	*	76.15	42800	*	*
930	2014-03-20 09:33:00.270	76.15	400	*	*	*	*
931	2014-03-20 09:33:00.270	*	*	76.15	42400	*	*
932	2014-03-20 09:33:00.439	76.2	400	*	*	*	*
933	2014-03-20 09:33:00.439	*	*	*	*	76.2	26400
934	2014-03-20 09:33:00.471	76.2	400	*	*	*	*
935	2014-03-20 09:33:00.471	*	*	*	*	76.2	26000
936	2014-03-20 09:33:01.260	*	*	*	*	76.2	23600
937	2014-03-20 09:33:02.278	*	*	*	*	76.2	25600
938	2014-03-20 09:33:04.498	*	*	*	*	76.2	50400
939	2014-03-20 09:33:04.592	*	*	*	*	76.2	52400
940	2014-03-20 09:33:05.786	*	*	76.15	58400	*	*
941	2014-03-20 09:33:06.300	*	*	*	*	76.2	69200
942	2014-03-20 09:33:06.517	*	*	76.15	59200	*	*
943	2014-03-20 09:33:06.719	*	*	*	*	76.2	69600
944	2014-03-20 09:33:07.773	*	*	76.15	43200	*	*
945	2014-03-20 09:33:10.563	*	*	76.15	42400	*	*
946	2014-03-20 09:33:11.317	76.2	400	*	*	*	*
947	2014-03-20 09:33:11.317	*	*	*	*	76.2	69200
948	2014-03-20 09:33:11.685	76.2	400	*	*	*	*
949	2014-03-20 09:33:11.685	*	*	*	*	76.2	68800
950	2014-03-20 09:33:17.535	76.2	400	*	*	*	*
951	2014-03-20 09:33:17.535	*	*	*	*	76.2	68400
952	2014-03-20 09:33:20.181	76.2	800	*	*	*	*
953	2014-03-20 09:33:20.181	76.2	1200	*	*	*	*
954	2014-03-20 09:33:20.181	*	*	*	*	76.2	66400
955	2014-03-20 09:33:20.213	*	*	*	*	76.2	73600
956	2014-03-20 09:33:21.398	*	*	*	*	76.2	94400
957	2014-03-20 09:33:21.707	*	*	76.15	58400	*	*
958	2014-03-20 09:33:21.714	*	*	76.15	58800	*	*
959	2014-03-20 09:33:22.048	*	*	*	*	76.2	114400
960	2014-03-20 09:33:22.162	*	*	*	*	76.2	113200
961	2014-03-20 09:33:22.162	*	*	*	*	76.2	116400
962	2014-03-20 09:33:24.463	*	*	*	*	76.2	114400
963	2014-03-20 09:33:24.463	76.15	2000	*	*	*	*
964	2014-03-20 09:33:24.463	*	*	76.15	56800	*	*
965	2014-03-20 09:33:25.266	*	*	76.15	56400	*	*
966	2014-03-20 09:33:25.266	76.2	400	*	*	*	*
967	2014-03-20 09:33:25.266	*	*	*	*	76.2	114000
968	2014-03-20 09:33:25.285	76.15	400	*	*	*	*
969	2014-03-20 09:33:25.285	*	*	76.15	56000	*	*
970	2014-03-20 09:33:25.287	76.2	400	*	*	*	*
971	2014-03-20 09:33:25.287	*	*	*	*	76.2	113600
972	2014-03-20 09:33:26.671	76.2	800	*	*	*	*
973	2014-03-20 09:33:26.671	*	*	*	*	76.2	112800
974	2014-03-20 09:33:27.138	*	*	*	*	76.2	114000
975	2014-03-20 09:33:27.658	*	*	*	*	76.2	115200
976	2014-03-20 09:33:30.845	*	*	76.15	56800	*	*
977	2014-03-20 09:33:36.022	*	*	76.15	40800	*	*
978	2014-03-20 09:33:36.516	76.2	400	*	*	*	*
979	2014-03-20 09:33:36.516	*	*	*	*	76.2	114800
980	2014-03-20 09:33:36.671	*	*	*	*	76.2	116800
981	2014-03-20 09:33:40.432	*	*	*	*	76.2	92000
982	2014-03-20 09:33:41.356	*	*	*	*	76.2	116800
983	2014-03-20 09:33:41.886	76.2	400	*	*	*	*
984	2014-03-20 09:33:41.886	*	*	*	*	76.2	116400
985	2014-03-20 09:33:46.388	*	*	76.15	41200	*	*
986	2014-03-20 09:33:46.441	*	*	76.15	57200	*	*
987	2014-03-20 09:33:49.937	*	*	*	*	76.2	100400
988	2014-03-20 09:33:52.002	*	*	*	*	76.2	116400
989	2014-03-20 09:33:53.873	*	*	76.15	41200	*	*
990	2014-03-20 09:33:59.615	76.15	2000	*	*	*	*
991	2014-03-20 09:33:59.615	*	*	76.15	39200	*	*
992	2014-03-20 09:33:59.617	*	*	*	*	76.2	118800
993	2014-03-20 09:33:59.631	76.15	400	*	*	*	*
994	2014-03-20 09:33:59.631	*	*	76.15	38800	*	*
995	2014-03-20 09:33:59.989	*	*	*	*	76.2	124000
996	2014-03-20 09:34:00.100	76.2	800	*	*	*	*
997	2014-03-20 09:34:00.100	*	*	*	*	76.2	123200
998	2014-03-20 09:34:00.228	76.2	1200	*	*	*	*
999	2014-03-20 09:34:00.228	*	*	*	*	76.2	122000
1000	2014-03-20 09:34:01.747	76.2	800	*	*	*	*
1001	2014-03-20 09:34:01.747	76.2	16800	*	*	*	*
1002	2014-03-20 09:34:01.747	76.2	400	*	*	*	*
1003	2014-03-20 09:34:01.747	76.2	2000	*	*	*	*
1004	2014-03-20 09:34:01.747	*	*	*	*	76.2	102000
1005	2014-03-20 09:34:01.972	*	*	*	*	76.2	101600
1006	2014-03-20 09:34:02.298	76.2	400	*	*	*	*
1007	2014-03-20 09:34:02.298	*	*	*	*	76.2	101200
1008	2014-03-20 09:34:02.850	*	*	*	*	76.2	101600
1009	2014-03-20 09:34:02.924	*	*	*	*	76.2	110800
1010	2014-03-20 09:34:03.285	*	*	76.15	38000	*	*
1011	2014-03-20 09:34:03.289	76.2	400	*	*	*	*
1012	2014-03-20 09:34:03.289	*	*	*	*	76.2	110400
1013	2014-03-20 09:34:03.965	*	*	*	*	76.2	110000
1014	2014-03-20 09:34:03.973	*	*	*	*	76.2	105600
1015	2014-03-20 09:34:03.979	*	*	*	*	76.2	100800
1016	2014-03-20 09:34:04.041	76.15	2800	*	*	*	*
1017	2014-03-20 09:34:04.041	*	*	76.15	35200	*	*
1018	2014-03-20 09:34:04.684	*	*	76.15	37600	*	*
1019	2014-03-20 09:34:05.680	76.15	400	*	*	*	*
1020	2014-03-20 09:34:05.680	*	*	76.15	37200	*	*
1021	2014-03-20 09:34:08.128	*	*	*	*	76.2	102000
1022	2014-03-20 09:34:09.850	76.2	800	*	*	*	*
1023	2014-03-20 09:34:09.850	*	*	*	*	76.2	101200
1024	2014-03-20 09:34:14.766	*	*	76.15	37600	*	*
1025	2014-03-20 09:34:18.514	76.2	1200	*	*	*	*
1026	2014-03-20 09:34:18.514	*	*	*	*	76.2	100000
1027	2014-03-20 09:34:18.548	*	*	*	*	76.2	110800
1028	2014-03-20 09:34:22.271	76.15	400	*	*	*	*
1029	2014-03-20 09:34:22.271	*	*	76.15	37200	*	*
1030	2014-03-20 09:34:24.958	76.2	800	*	*	*	*
1031	2014-03-20 09:34:24.958	*	*	*	*	76.2	110000
1032	2014-03-20 09:34:25.681	76.2	800	*	*	*	*
1033	2014-03-20 09:34:25.681	*	*	*	*	76.2	109200
1034	2014-03-20 09:34:25.941	*	*	76.15	37600	*	*
1035	2014-03-20 09:34:27.207	76.2	800	*	*	*	*
1036	2014-03-20 09:34:27.207	*	*	*	*	76.2	108400
1037	2014-03-20 09:34:27.843	*	*	*	*	76.2	128800
1038	2014-03-20 09:34:28.083	*	*	*	*	76.2	141200
1039	2014-03-20 09:34:29.845	*	*	76.15	38000	*	*
1040	2014-03-20 09:34:30.811	76.2	400	*	*	*	*
1041	2014-03-20 09:34:30.811	*	*	*	*	76.2	140800
1042	2014-03-20 09:34:30.823	76.15	400	*	*	*	*
1043	2014-03-20 09:34:30.823	*	*	76.15	37600	*	*
1044	2014-03-20 09:34:32.286	*	*	*	*	76.2	139600
1045	2014-03-20 09:34:32.286	*	*	*	*	76.2	142000
1046	2014-03-20 09:34:33.406	*	*	76.15	44800	*	*
1047	2014-03-20 09:34:33.700	*	*	76.15	45600	*	*
1048	2014-03-20 09:34:33.726	*	*	76.15	46000	*	*
1049	2014-03-20 09:34:40.259	76.2	2000	*	*	*	*
1050	2014-03-20 09:34:40.259	*	*	*	*	76.2	140000
1051	2014-03-20 09:34:40.332	76.15	7200	*	*	*	*
1052	2014-03-20 09:34:40.332	76.15	400	*	*	*	*
1053	2014-03-20 09:34:40.332	76.15	4000	*	*	*	*
1054	2014-03-20 09:34:40.332	76.15	1600	*	*	*	*
1055	2014-03-20 09:34:40.332	76.15	1200	*	*	*	*
1056	2014-03-20 09:34:40.332	76.15	18000	*	*	*	*
1057	2014-03-20 09:34:40.332	76.15	800	*	*	*	*
1058	2014-03-20 09:34:40.332	76.15	400	*	*	*	*
1059	2014-03-20 09:34:40.332	76.15	400	*	*	*	*
1060	2014-03-20 09:34:40.332	76.15	2400	*	*	*	*
1061	2014-03-20 09:34:40.332	76.15	400	*	*	*	*
1062	2014-03-20 09:34:40.332	76.15	400	*	*	*	*
1063	2014-03-20 09:34:40.332	76.15	400	*	*	*	*
1064	2014-03-20 09:34:40.332	76.15	2400	*	*	*	*
1065	2014-03-20 09:34:40.332	*	*	76.15	6000	*	*
1066	2014-03-20 09:34:40.342	*	*	76.15	6800	*	*
1067	2014-03-20 09:34:40.344	76.15	800	*	*	*	*
1068	2014-03-20 09:34:40.344	*	*	76.15	6000	*	*
1069	2014-03-20 09:34:40.352	76.15	400	*	*	*	*
1070	2014-03-20 09:34:40.352	*	*	76.15	5600	*	*
1071	2014-03-20 09:34:40.353	76.15	400	*	*	*	*
1072	2014-03-20 09:34:40.353	*	*	76.15	5200	*	*
1073	2014-03-20 09:34:40.354	76.15	2000	*	*	*	*
1074	2014-03-20 09:34:40.354	*	*	76.15	3200	*	*
1075	2014-03-20 09:34:40.354	76.15	400	*	*	*	*
1076	2014-03-20 09:34:40.354	*	*	76.15	2800	*	*
1077	2014-03-20 09:34:40.354	76.15	800	*	*	*	*
1078	2014-03-20 09:34:40.354	76.15	800	*	*	*	*
1079	2014-03-20 09:34:40.354	76.15	400	*	*	*	*
1080	2014-03-20 09:34:40.354	76.15	800	*	*	*	*
1081	2014-03-20 09:34:40.354	*	*	76.1	84400	76.15	2400
1082	2014-03-20 09:34:40.357	*	*	*	*	76.2	138800
1083	2014-03-20 09:34:40.357	*	*	*	*	76.15	1200
1084	2014-03-20 09:34:40.484	*	*	*	*	76.15	3600
1085	2014-03-20 09:34:41.148	76.15	400	*	*	*	*
1086	2014-03-20 09:34:41.148	*	*	*	*	76.15	3200
1087	2014-03-20 09:34:41.337	*	*	*	*	76.15	5200
1088	2014-03-20 09:34:42.507	*	*	*	*	76.15	5600
1089	2014-03-20 09:34:42.826	*	*	*	*	76.15	30400
1090	2014-03-20 09:34:43.203	*	*	*	*	76.15	46400
1091	2014-03-20 09:34:43.205	*	*	76.1	68400	*	*
1092	2014-03-20 09:34:44.515	*	*	*	*	76.15	50800
1093	2014-03-20 09:34:44.585	*	*	*	*	76.15	53200
1094	2014-03-20 09:34:45.412	76.1	800	*	*	*	*
1095	2014-03-20 09:34:45.412	*	*	76.1	67600	*	*
1096	2014-03-20 09:34:46.265	76.15	800	*	*	*	*
1097	2014-03-20 09:34:46.265	76.15	400	*	*	*	*
1098	2014-03-20 09:34:46.265	*	*	*	*	76.15	52000
1099	2014-03-20 09:34:49.244	*	*	*	*	76.15	61200
1100	2014-03-20 09:34:49.344	76.15	800	*	*	*	*
1101	2014-03-20 09:34:49.344	*	*	*	*	76.15	60400
1102	2014-03-20 09:34:49.363	76.1	400	*	*	*	*
1103	2014-03-20 09:34:49.363	*	*	76.1	67200	*	*
1104	2014-03-20 09:34:50.699	76.15	400	*	*	*	*
1105	2014-03-20 09:34:50.699	*	*	*	*	76.15	60000
1106	2014-03-20 09:34:51.164	*	*	*	*	76.15	60400
1107	2014-03-20 09:34:51.544	*	*	*	*	76.15	62800
1108	2014-03-20 09:34:52.707	*	*	*	*	76.15	64000
1109	2014-03-20 09:34:53.089	*	*	*	*	76.15	66000
1110	2014-03-20 09:34:56.365	*	*	*	*	76.15	66800
1111	2014-03-20 09:34:56.585	76.15	800	*	*	*	*
1112	2014-03-20 09:34:56.585	76.15	400	*	*	*	*
1113	2014-03-20 09:34:56.585	*	*	*	*	76.15	65600
1114	2014-03-20 09:34:57.912	*	*	*	*	76.15	99600
1115	2014-03-20 09:34:57.978	*	*	*	*	76.15	101200
1116	2014-03-20 09:34:58.178	76.1	400	*	*	*	*
1117	2014-03-20 09:34:58.178	*	*	76.1	66800	*	*
1118	2014-03-20 09:34:58.385	*	*	*	*	76.15	96800
1119	2014-03-20 09:34:58.409	*	*	*	*	76.15	106800
1120	2014-03-20 09:35:01.804	*	*	76.1	56800	*	*
1121	2014-03-20 09:35:03.136	*	*	76.1	55600	*	*
1122	2014-03-20 09:35:03.137	*	*	76.1	71600	*	*
1123	2014-03-20 09:35:05.222	76.15	1600	*	*	*	*
1124	2014-03-20 09:35:05.222	76.15	400	*	*	*	*
1125	2014-03-20 09:35:05.222	76.15	8000	*	*	*	*
1126	2014-03-20 09:35:05.222	*	*	*	*	76.15	96800
1127	2014-03-20 09:35:05.235	76.1	400	*	*	*	*
1128	2014-03-20 09:35:05.235	*	*	76.1	71200	*	*
1129	2014-03-20 09:35:05.243	76.1	400	*	*	*	*
1130	2014-03-20 09:35:05.243	76.1	400	*	*	*	*
1131	2014-03-20 09:35:05.243	*	*	76.1	70400	*	*
1132	2014-03-20 09:35:05.243	*	*	*	*	76.15	96000
1133	2014-03-20 09:35:06.752	76.15	400	*	*	*	*
1134	2014-03-20 09:35:06.752	*	*	*	*	76.15	95600
1135	2014-03-20 09:35:07.117	*	*	76.1	70000	*	*
1136	2014-03-20 09:35:07.240	*	*	*	*	76.15	86400
1137	2014-03-20 09:35:08.784	*	*	*	*	76.15	86800
1138	2014-03-20 09:35:08.793	76.15	2000	*	*	*	*
1139	2014-03-20 09:35:08.793	*	*	*	*	76.15	84800
1140	2014-03-20 09:35:09.060	*	*	76.1	54000	*	*
1141	2014-03-20 09:35:09.159	76.1	400	*	*	*	*
1142	2014-03-20 09:35:09.159	76.1	400	*	*	*	*
1143	2014-03-20 09:35:09.159	76.1	2000	*	*	*	*
1144	2014-03-20 09:35:09.159	76.1	400	*	*	*	*
1145	2014-03-20 09:35:09.159	76.1	1600	*	*	*	*
1146	2014-03-20 09:35:09.159	76.1	8000	*	*	*	*
1147	2014-03-20 09:35:09.159	*	*	76.1	41200	*	*
1148	2014-03-20 09:35:09.178	76.1	400	*	*	*	*
1149	2014-03-20 09:35:09.178	*	*	76.1	40800	*	*
1150	2014-03-20 09:35:09.185	76.1	800	*	*	*	*
1151	2014-03-20 09:35:09.185	*	*	76.1	40000	*	*
1152	2014-03-20 09:35:09.255	*	*	*	*	76.15	94000
1153	2014-03-20 09:35:09.912	*	*	*	*	76.15	105600
1154	2014-03-20 09:35:10.098	*	*	*	*	76.15	94000
1155	2014-03-20 09:35:10.207	*	*	*	*	76.15	108400
1156	2014-03-20 09:35:10.327	76.1	2800	*	*	*	*
1157	2014-03-20 09:35:10.327	*	*	76.1	37200	*	*
1158	2014-03-20 09:35:10.348	76.1	400	*	*	*	*
1159	2014-03-20 09:35:10.348	*	*	76.1	36800	*	*
1160	2014-03-20 09:35:10.790	76.1	7600	*	*	*	*
1161	2014-03-20 09:35:10.790	76.1	400	*	*	*	*
1162	2014-03-20 09:35:10.790	76.1	400	*	*	*	*
1163	2014-03-20 09:35:10.790	76.1	400	*	*	*	*
1164	2014-03-20 09:35:10.790	76.1	400	*	*	*	*
1165	2014-03-20 09:35:10.790	76.1	400	*	*	*	*
1166	2014-03-20 09:35:10.790	76.1	800	*	*	*	*
1167	2014-03-20 09:35:10.790	76.1	1600	*	*	*	*
1168	2014-03-20 09:35:10.790	76.1	400	*	*	*	*
1169	2014-03-20 09:35:10.790	76.1	2000	*	*	*	*
1170	2014-03-20 09:35:10.790	76.1	400	*	*	*	*
1171	2014-03-20 09:35:10.790	76.1	400	*	*	*	*
1172	2014-03-20 09:35:10.790	76.1	400	*	*	*	*
1173	2014-03-20 09:35:10.790	76.1	2000	*	*	*	*
1174	2014-03-20 09:35:10.790	76.1	800	*	*	*	*
1175	2014-03-20 09:35:10.790	76.1	8800	*	*	*	*
1176	2014-03-20 09:35:10.790	76.1	2400	*	*	*	*
1177	2014-03-20 09:35:10.790	76.1	2000	*	*	*	*
1178	2014-03-20 09:35:10.790	76.1	1200	*	*	*	*
1179	2014-03-20 09:35:10.790	76.1	800	*	*	*	*
1180	2014-03-20 09:35:10.790	76.1	800	*	*	*	*
1181	2014-03-20 09:35:10.790	76.1	400	*	*	*	*
1182	2014-03-20 09:35:10.790	76.1	1200	*	*	*	*
1183	2014-03-20 09:35:10.790	76.1	800	*	*	*	*
1184	2014-03-20 09:35:10.790	*	*	76.05	76000	76.1	33200
1185	2014-03-20 09:35:10.793	*	*	*	*	76.1	34400
1186	2014-03-20 09:35:10.823	*	*	*	*	76.1	40800
1187	2014-03-20 09:35:10.970	*	*	*	*	76.1	42800
1188	2014-03-20 09:35:11.043	*	*	*	*	76.1	47600
1189	2014-03-20 09:35:12.829	*	*	*	*	76.1	52800
1190	2014-03-20 09:35:12.901	*	*	*	*	76.1	53200
1191	2014-03-20 09:35:13.271	76.1	400	*	*	*	*
1192	2014-03-20 09:35:13.271	*	*	*	*	76.1	52800
1193	2014-03-20 09:35:13.271	*	*	76.05	76400	*	*
1194	2014-03-20 09:35:13.708	*	*	*	*	76.1	66800
1195	2014-03-20 09:35:13.768	76.1	400	*	*	*	*
1196	2014-03-20 09:35:13.768	*	*	*	*	76.1	66400
1197	2014-03-20 09:35:14.482	76.1	400	*	*	*	*
1198	2014-03-20 09:35:14.482	*	*	*	*	76.1	66000
1199	2014-03-20 09:35:14.892	*	*	*	*	76.1	59600
1200	2014-03-20 09:35:16.513	*	*	76.05	92400	*	*
1201	2014-03-20 09:35:16.891	76.1	10000	*	*	*	*
1202	2014-03-20 09:35:16.891	*	*	*	*	76.1	49600
1203	2014-03-20 09:35:18.212	*	*	76.05	93200	*	*
1204	2014-03-20 09:35:18.840	*	*	*	*	76.1	49200
1205	2014-03-20 09:35:19.040	*	*	76.05	77200	*	*
1206	2014-03-20 09:35:19.359	76.1	2800	*	*	*	*
1207	2014-03-20 09:35:19.359	*	*	*	*	76.1	46400
1208	2014-03-20 09:35:20.136	*	*	*	*	76.1	55600
1209	2014-03-20 09:35:21.360	*	*	*	*	76.1	57200
1210	2014-03-20 09:35:22.542	*	*	76.05	93200	*	*
1211	2014-03-20 09:35:23.323	*	*	76.05	92800	*	*
1212	2014-03-20 09:35:23.418	*	*	76.05	92400	*	*
1213	2014-03-20 09:35:23.418	76.1	400	*	*	*	*
1214	2014-03-20 09:35:23.418	*	*	*	*	76.1	56800
1215	2014-03-20 09:35:23.449	76.05	400	*	*	*	*
1216	2014-03-20 09:35:23.449	76.05	400	*	*	*	*
1217	2014-03-20 09:35:23.449	*	*	76.05	91600	*	*
1218	2014-03-20 09:35:25.363	76.1	10000	*	*	*	*
1219	2014-03-20 09:35:25.363	*	*	*	*	76.1	46800
1220	2014-03-20 09:35:25.413	76.05	400	*	*	*	*
1221	2014-03-20 09:35:25.413	76.05	400	*	*	*	*
1222	2014-03-20 09:35:25.413	76.05	1600	*	*	*	*
1223	2014-03-20 09:35:25.413	76.05	400	*	*	*	*
1224	2014-03-20 09:35:25.413	*	*	76.05	88800	*	*
1225	2014-03-20 09:35:25.538	76.05	400	*	*	*	*
1226	2014-03-20 09:35:25.538	76.05	400	*	*	*	*
1227	2014-03-20 09:35:25.538	76.05	3200	*	*	*	*
1228	2014-03-20 09:35:25.538	*	*	76.05	84800	*	*
1229	2014-03-20 09:35:25.554	76.05	400	*	*	*	*
1230	2014-03-20 09:35:25.554	*	*	76.05	84400	*	*
1231	2014-03-20 09:35:26.415	76.05	400	*	*	*	*
1232	2014-03-20 09:35:26.415	76.05	400	*	*	*	*
1233	2014-03-20 09:35:26.415	76.05	400	*	*	*	*
1234	2014-03-20 09:35:26.415	76.05	400	*	*	*	*
1235	2014-03-20 09:35:26.415	76.05	400	*	*	*	*
1236	2014-03-20 09:35:26.415	76.05	400	*	*	*	*
1237	2014-03-20 09:35:26.415	76.05	1200	*	*	*	*
1238	2014-03-20 09:35:26.415	76.05	6000	*	*	*	*
1239	2014-03-20 09:35:26.415	*	*	76.05	74800	*	*
1240	2014-03-20 09:35:26.435	76.05	800	*	*	*	*
1241	2014-03-20 09:35:26.435	*	*	76.05	74000	*	*
1242	2014-03-20 09:35:26.850	*	*	*	*	76.1	46400
1243	2014-03-20 09:35:26.997	76.05	1600	*	*	*	*
1244	2014-03-20 09:35:26.997	*	*	76.05	72400	*	*
1245	2014-03-20 09:35:27.260	*	*	*	*	76.1	46800
1246	2014-03-20 09:35:27.673	76.1	400	*	*	*	*
1247	2014-03-20 09:35:27.673	*	*	*	*	76.1	46400
1248	2014-03-20 09:35:27.675	76.1	400	*	*	*	*
1249	2014-03-20 09:35:27.675	*	*	*	*	76.1	46000
1250	2014-03-20 09:35:27.677	76.1	8000	*	*	*	*
1251	2014-03-20 09:35:27.677	76.1	1200	*	*	*	*
1252	2014-03-20 09:35:27.677	76.1	2000	*	*	*	*
1253	2014-03-20 09:35:27.677	76.1	4800	*	*	*	*
1254	2014-03-20 09:35:27.677	76.1	4400	*	*	*	*
1255	2014-03-20 09:35:27.677	76.1	400	*	*	*	*
1256	2014-03-20 09:35:27.677	76.1	14000	*	*	*	*
1257	2014-03-20 09:35:27.677	76.1	9200	*	*	*	*
1258	2014-03-20 09:35:27.677	76.1	1600	*	*	*	*
1259	2014-03-20 09:35:27.677	76.1	400	*	*	*	*
1260	2014-03-20 09:35:27.677	*	*	*	*	76.15	81200
1261	2014-03-20 09:35:27.693	76.05	1200	*	*	*	*
1262	2014-03-20 09:35:27.693	*	*	76.05	71200	*	*
1263	2014-03-20 09:35:27.697	76.05	400	*	*	*	*
1264	2014-03-20 09:35:27.697	*	*	76.05	70800	*	*
1265	2014-03-20 09:35:27.698	76.05	400	*	*	*	*
1266	2014-03-20 09:35:27.698	*	*	76.05	70400	*	*
1267	2014-03-20 09:35:27.699	76.05	400	*	*	*	*
1268	2014-03-20 09:35:27.699	*	*	76.05	70000	*	*
1269	2014-03-20 09:35:27.701	76.05	1600	*	*	*	*
1270	2014-03-20 09:35:27.701	*	*	76.05	68400	*	*
1271	2014-03-20 09:35:27.701	76.05	1200	*	*	*	*
1272	2014-03-20 09:35:27.701	*	*	76.05	67200	*	*
1273	2014-03-20 09:35:27.703	*	*	*	*	76.15	80000
1274	2014-03-20 09:35:27.724	*	*	*	*	76.15	72000
1275	2014-03-20 09:35:27.868	76.15	400	*	*	*	*
1276	2014-03-20 09:35:27.868	*	*	*	*	76.15	71600
1277	2014-03-20 09:35:28.053	*	*	*	*	76.15	55600
1278	2014-03-20 09:35:28.255	*	*	76.1	800	*	*
1279	2014-03-20 09:35:28.497	76.15	800	*	*	*	*
1280	2014-03-20 09:35:28.497	*	*	*	*	76.15	54800
1281	2014-03-20 09:35:28.818	*	*	*	*	76.15	55200
1282	2014-03-20 09:35:28.888	*	*	*	*	76.15	66000
1283	2014-03-20 09:35:30.365	*	*	*	*	76.15	82000
1284	2014-03-20 09:35:32.445	*	*	76.1	1200	*	*
1285	2014-03-20 09:35:33.059	*	*	*	*	76.15	96400
1286	2014-03-20 09:35:33.560	*	*	76.1	1600	*	*
1287	2014-03-20 09:35:34.509	76.15	800	*	*	*	*
1288	2014-03-20 09:35:34.509	*	*	*	*	76.15	95600
1289	2014-03-20 09:35:34.510	*	*	*	*	76.15	79600
1290	2014-03-20 09:35:34.561	*	*	*	*	76.15	65200
1291	2014-03-20 09:35:36.132	76.1	400	*	*	*	*
1292	2014-03-20 09:35:36.132	*	*	76.1	1200	*	*
1293	2014-03-20 09:35:37.778	*	*	*	*	76.15	66400
1294	2014-03-20 09:35:39.829	*	*	*	*	76.15	86400
1295	2014-03-20 09:35:42.005	*	*	76.1	17200	*	*
1296	2014-03-20 09:35:42.191	76.1	400	*	*	*	*
1297	2014-03-20 09:35:42.191	76.1	400	*	*	*	*
1298	2014-03-20 09:35:42.191	76.1	400	*	*	*	*
1299	2014-03-20 09:35:42.191	76.1	800	*	*	*	*
1300	2014-03-20 09:35:42.191	*	*	76.1	15200	*	*
1301	2014-03-20 09:35:45.165	75.75	200	*	*	*	*
1302	2014-03-20 09:35:45.692	76.15	800	*	*	*	*
1303	2014-03-20 09:35:45.692	*	*	*	*	76.15	85600
1304	2014-03-20 09:35:50.751	76.15	800	*	*	*	*
1305	2014-03-20 09:35:50.751	*	*	*	*	76.15	84800
1306	2014-03-20 09:35:54.281	*	*	*	*	76.15	100800
1307	2014-03-20 09:35:55.128	*	*	76.1	28800	*	*
1308	2014-03-20 09:35:55.876	76.15	2000	*	*	*	*
1309	2014-03-20 09:35:55.876	*	*	*	*	76.15	98800
1310	2014-03-20 09:35:57.015	76.1	15200	*	*	*	*
1311	2014-03-20 09:35:57.015	76.1	13600	*	*	*	*
1312	2014-03-20 09:35:57.015	*	*	76.05	67600	76.1	11200
1313	2014-03-20 09:35:57.017	*	*	*	*	76.1	12400
1314	2014-03-20 09:35:57.131	*	*	*	*	76.1	14400
1315	2014-03-20 09:35:57.202	*	*	*	*	76.1	16800
1316	2014-03-20 09:35:57.765	76.1	400	*	*	*	*
1317	2014-03-20 09:35:57.765	*	*	*	*	76.1	16400
1318	2014-03-20 09:35:58.025	*	*	*	*	76.1	59600
1319	2014-03-20 09:35:58.450	*	*	*	*	76.1	79600
1320	2014-03-20 09:35:59.278	*	*	*	*	76.1	83200
1321	2014-03-20 09:35:59.280	*	*	*	*	76.1	99200
1322	2014-03-20 09:36:00.096	*	*	76.05	80400	*	*
1323	2014-03-20 09:36:00.906	*	*	*	*	76.1	83200
1324	2014-03-20 09:36:04.925	*	*	*	*	76.1	94000
1325	2014-03-20 09:36:09.871	76.05	3200	*	*	*	*
1326	2014-03-20 09:36:09.871	*	*	76.05	77200	*	*
1327	2014-03-20 09:36:11.220	*	*	*	*	76.1	92800
1328	2014-03-20 09:36:11.220	*	*	76.05	78400	*	*
1329	2014-03-20 09:36:11.781	*	*	*	*	76.1	94400
1330	2014-03-20 09:36:12.239	76.1	400	*	*	*	*
1331	2014-03-20 09:36:12.239	*	*	*	*	76.1	94000
1332	2014-03-20 09:36:12.827	*	*	76.05	81600	*	*
1333	2014-03-20 09:36:15.678	*	*	76.05	78400	*	*
1334	2014-03-20 09:36:16.227	*	*	76.05	81600	*	*
1335	2014-03-20 09:36:16.817	*	*	76.05	78400	*	*
1336	2014-03-20 09:36:18.313	76.1	400	*	*	*	*
1337	2014-03-20 09:36:18.313	*	*	*	*	76.1	93600
1338	2014-03-20 09:36:21.444	76.1	400	*	*	*	*
1339	2014-03-20 09:36:21.444	*	*	*	*	76.1	93200
1340	2014-03-20 09:36:21.476	*	*	*	*	76.1	103200
1341	2014-03-20 09:36:21.643	76.1	800	*	*	*	*
1342	2014-03-20 09:36:21.643	*	*	*	*	76.1	102400
1343	2014-03-20 09:36:21.843	76.1	400	*	*	*	*
1344	2014-03-20 09:36:21.843	*	*	*	*	76.1	102000
1345	2014-03-20 09:36:22.043	76.1	400	*	*	*	*
1346	2014-03-20 09:36:22.043	*	*	*	*	76.1	101600
1347	2014-03-20 09:36:22.243	76.1	2000	*	*	*	*
1348	2014-03-20 09:36:22.243	*	*	*	*	76.1	99600
1349	2014-03-20 09:36:22.256	76.05	400	*	*	*	*
1350	2014-03-20 09:36:22.256	*	*	76.05	78000	*	*
1351	2014-03-20 09:36:22.445	76.1	400	*	*	*	*
1352	2014-03-20 09:36:22.445	*	*	*	*	76.1	99200
1353	2014-03-20 09:36:22.605	*	*	76.05	78800	*	*
1354	2014-03-20 09:36:23.006	76.1	400	*	*	*	*
1355	2014-03-20 09:36:23.006	*	*	*	*	76.1	98800
1356	2014-03-20 09:36:23.467	*	*	*	*	76.1	98400
1357	2014-03-20 09:36:24.176	76.1	800	*	*	*	*
1358	2014-03-20 09:36:24.176	*	*	*	*	76.1	97600
1359	2014-03-20 09:36:24.567	76.1	400	*	*	*	*
1360	2014-03-20 09:36:24.567	*	*	*	*	76.1	97200
1361	2014-03-20 09:36:25.753	76.05	800	*	*	*	*
1362	2014-03-20 09:36:25.753	*	*	76.05	78000	*	*
1363	2014-03-20 09:36:25.908	76.1	800	*	*	*	*
1364	2014-03-20 09:36:25.908	*	*	*	*	76.1	96400
1365	2014-03-20 09:36:25.929	76.05	400	*	*	*	*
1366	2014-03-20 09:36:25.929	*	*	76.05	77600	*	*
1367	2014-03-20 09:36:26.591	*	*	*	*	76.1	110800
1368	2014-03-20 09:36:26.622	76.05	400	*	*	*	*
1369	2014-03-20 09:36:26.622	*	*	76.05	77200	*	*
1370	2014-03-20 09:36:27.185	*	*	*	*	76.1	96400
1371	2014-03-20 09:36:28.039	*	*	*	*	76.1	98800
1372	2014-03-20 09:36:28.043	*	*	*	*	76.1	101600
1373	2014-03-20 09:36:28.131	76.1	800	*	*	*	*
1374	2014-03-20 09:36:28.131	*	*	*	*	76.1	100800
1375	2014-03-20 09:36:29.009	76.1	400	*	*	*	*
1376	2014-03-20 09:36:29.009	*	*	*	*	76.1	100400
1377	2014-03-20 09:36:29.920	76.1	400	*	*	*	*
1378	2014-03-20 09:36:29.920	*	*	*	*	76.1	100000
1379	2014-03-20 09:36:30.930	*	*	*	*	76.1	101200
1380	2014-03-20 09:36:31.963	76.1	1200	*	*	*	*
1381	2014-03-20 09:36:31.963	*	*	*	*	76.1	100000
1382	2014-03-20 09:36:33.065	*	*	*	*	76.1	101600
1383	2014-03-20 09:36:33.994	*	*	76.05	86800	*	*
1384	2014-03-20 09:36:36.071	*	*	76.05	104400	*	*
1385	2014-03-20 09:36:39.127	76.1	400	*	*	*	*
1386	2014-03-20 09:36:39.127	*	*	*	*	76.1	101200
1387	2014-03-20 09:36:39.145	76.05	400	*	*	*	*
1388	2014-03-20 09:36:39.145	*	*	76.05	104000	*	*
1389	2014-03-20 09:36:39.219	*	*	76.05	104400	*	*
1390	2014-03-20 09:36:40.596	*	*	*	*	76.1	102800
1391	2014-03-20 09:36:41.149	*	*	76.05	86800	*	*
1392	2014-03-20 09:36:41.150	76.1	1600	*	*	*	*
1393	2014-03-20 09:36:41.150	*	*	*	*	76.1	101200
1394	2014-03-20 09:36:43.568	*	*	76.05	87600	*	*
1395	2014-03-20 09:36:43.653	76.1	400	*	*	*	*
1396	2014-03-20 09:36:43.653	76.1	400	*	*	*	*
1397	2014-03-20 09:36:43.653	*	*	*	*	76.1	100400
1398	2014-03-20 09:36:48.508	*	*	76.05	88000	*	*
1399	2014-03-20 09:36:48.552	*	*	*	*	76.1	102800
1400	2014-03-20 09:36:49.651	76.1	2000	*	*	*	*
1401	2014-03-20 09:36:49.651	76.1	28000	*	*	*	*
1402	2014-03-20 09:36:49.651	*	*	*	*	76.1	72800
1403	2014-03-20 09:36:49.665	76.05	400	*	*	*	*
1404	2014-03-20 09:36:49.665	*	*	76.05	87600	*	*
1405	2014-03-20 09:36:49.673	76.05	400	*	*	*	*
1406	2014-03-20 09:36:49.673	76.05	1200	*	*	*	*
1407	2014-03-20 09:36:49.673	76.05	800	*	*	*	*
1408	2014-03-20 09:36:49.673	76.05	400	*	*	*	*
1409	2014-03-20 09:36:49.673	76.05	400	*	*	*	*
1410	2014-03-20 09:36:49.673	*	*	76.05	84400	*	*
1411	2014-03-20 09:36:50.575	*	*	*	*	76.1	70000
1412	2014-03-20 09:36:53.128	76.1	400	*	*	*	*
1413	2014-03-20 09:36:53.128	*	*	*	*	76.1	69600
1414	2014-03-20 09:36:53.871	76.05	400	*	*	*	*
1415	2014-03-20 09:36:53.871	76.05	800	*	*	*	*
1416	2014-03-20 09:36:53.871	76.05	400	*	*	*	*
1417	2014-03-20 09:36:53.871	*	*	76.05	82800	*	*
1418	2014-03-20 09:36:55.085	76.05	1200	*	*	*	*
1419	2014-03-20 09:36:55.085	*	*	76.05	81600	*	*
1420	2014-03-20 09:36:59.131	*	*	76.05	82800	*	*
1421	2014-03-20 09:37:04.548	76.1	14800	*	*	*	*
1422	2014-03-20 09:37:04.548	76.1	5200	*	*	*	*
1423	2014-03-20 09:37:04.548	*	*	*	*	76.1	49600
1424	2014-03-20 09:37:04.550	76.1	14800	*	*	*	*
1425	2014-03-20 09:37:04.550	76.1	3600	*	*	*	*
1426	2014-03-20 09:37:04.550	76.1	10800	*	*	*	*
1427	2014-03-20 09:37:04.550	76.1	1600	*	*	*	*
1428	2014-03-20 09:37:04.550	76.1	6800	*	*	*	*
1429	2014-03-20 09:37:04.550	76.1	2400	*	*	*	*
1430	2014-03-20 09:37:04.550	76.1	2800	*	*	*	*
1431	2014-03-20 09:37:04.550	76.1	1200	*	*	*	*
1432	2014-03-20 09:37:04.550	76.1	1600	*	*	*	*
1433	2014-03-20 09:37:04.550	76.1	1600	*	*	*	*
1434	2014-03-20 09:37:04.550	76.1	2400	*	*	*	*
1435	2014-03-20 09:37:04.550	*	*	*	*	76.15	82400
1436	2014-03-20 09:37:04.552	*	*	76.05	81600	*	*
1437	2014-03-20 09:37:04.553	*	*	76.1	1200	*	*
1438	2014-03-20 09:37:04.574	76.1	400	*	*	*	*
1439	2014-03-20 09:37:04.574	*	*	76.1	800	*	*
1440	2014-03-20 09:37:04.661	*	*	*	*	76.15	84400
1441	2014-03-20 09:37:05.677	*	*	*	*	76.15	101200
1442	2014-03-20 09:37:06.681	*	*	*	*	76.15	106000
1443	2014-03-20 09:37:06.901	76.1	800	*	*	*	*
1444	2014-03-20 09:37:06.901	*	*	76.05	81600	*	*
1445	2014-03-20 09:37:06.903	*	*	*	*	76.1	8400
1446	2014-03-20 09:37:06.904	*	*	*	*	76.1	24400
1447	2014-03-20 09:37:06.919	*	*	*	*	76.1	25200
1448	2014-03-20 09:37:06.927	*	*	*	*	76.1	26800
1449	2014-03-20 09:37:06.933	*	*	*	*	76.1	31200
1450	2014-03-20 09:37:07.728	*	*	*	*	76.1	33200
1451	2014-03-20 09:37:07.768	*	*	*	*	76.1	17200
1452	2014-03-20 09:37:07.915	*	*	*	*	76.1	19200
1453	2014-03-20 09:37:08.817	*	*	*	*	76.1	10800
1454	2014-03-20 09:37:08.819	76.1	800	*	*	*	*
1455	2014-03-20 09:37:08.819	76.1	1600	*	*	*	*
1456	2014-03-20 09:37:08.819	76.1	4400	*	*	*	*
1457	2014-03-20 09:37:08.819	76.1	2000	*	*	*	*
1458	2014-03-20 09:37:08.819	76.1	2000	*	*	*	*
1459	2014-03-20 09:37:08.819	*	*	*	*	76.15	97600
1460	2014-03-20 09:37:08.900	*	*	*	*	76.15	101200
1461	2014-03-20 09:37:08.912	*	*	*	*	76.15	95600
1462	2014-03-20 09:37:08.918	*	*	*	*	76.15	92800
1463	2014-03-20 09:37:11.727	*	*	76.05	82000	*	*
1464	2014-03-20 09:37:13.498	*	*	76.05	82400	*	*
1465	2014-03-20 09:37:13.566	*	*	76.1	400	*	*
1466	2014-03-20 09:37:13.675	76.1	400	*	*	*	*
1467	2014-03-20 09:37:13.675	*	*	76.05	82400	76.1	6800
1468	2014-03-20 09:37:14.568	76.1	6800	*	*	*	*
1469	2014-03-20 09:37:14.568	*	*	76.1	43200	76.15	101200
1470	2014-03-20 09:37:14.575	*	*	76.1	43600	*	*
1471	2014-03-20 09:37:14.589	*	*	*	*	76.15	92800
1472	2014-03-20 09:37:14.591	*	*	76.1	44000	*	*
1473	2014-03-20 09:37:14.773	*	*	76.1	45200	*	*
1474	2014-03-20 09:37:17.010	*	*	76.1	46000	*	*
1475	2014-03-20 09:37:18.618	*	*	76.1	55600	*	*
1476	2014-03-20 09:37:19.657	76.15	8800	*	*	*	*
1477	2014-03-20 09:37:19.657	76.15	2400	*	*	*	*
1478	2014-03-20 09:37:19.657	76.15	1200	*	*	*	*
1479	2014-03-20 09:37:19.657	76.15	2400	*	*	*	*
1480	2014-03-20 09:37:19.657	76.15	1600	*	*	*	*
1481	2014-03-20 09:37:19.657	76.15	20000	*	*	*	*
1482	2014-03-20 09:37:19.657	76.15	1600	*	*	*	*
1483	2014-03-20 09:37:19.657	76.15	12000	*	*	*	*
1484	2014-03-20 09:37:19.657	*	*	*	*	76.15	42800
1485	2014-03-20 09:37:19.659	*	*	76.1	68400	*	*
1486	2014-03-20 09:37:19.660	*	*	*	*	76.15	26800
1487	2014-03-20 09:37:19.668	*	*	76.1	68800	*	*
1488	2014-03-20 09:37:19.672	*	*	*	*	76.15	31200
1489	2014-03-20 09:37:19.711	*	*	*	*	76.15	33200
1490	2014-03-20 09:37:19.865	*	*	76.1	70800	*	*
1491	2014-03-20 09:37:20.537	76.1	4800	*	*	*	*
1492	2014-03-20 09:37:20.537	*	*	76.1	66000	*	*
1493	2014-03-20 09:37:21.675	*	*	*	*	76.15	32000
1494	2014-03-20 09:37:25.500	*	*	76.1	66400	*	*
1495	2014-03-20 09:37:27.790	*	*	76.1	71600	*	*
1496	2014-03-20 09:37:28.354	*	*	76.1	72000	*	*
1497	2014-03-20 09:37:30.313	*	*	76.1	73600	*	*
1498	2014-03-20 09:37:30.524	*	*	76.1	74400	*	*
1499	2014-03-20 09:37:31.561	*	*	76.1	74800	*	*
1500	2014-03-20 09:37:36.258	76.1	1600	*	*	*	*
1501	2014-03-20 09:37:36.258	*	*	76.1	73200	*	*
1502	2014-03-20 09:37:36.271	76.1	400	*	*	*	*
1503	2014-03-20 09:37:36.271	*	*	76.1	72800	*	*
1504	2014-03-20 09:37:42.013	*	*	76.1	75600	*	*
1505	2014-03-20 09:37:42.059	76.15	800	*	*	*	*
1506	2014-03-20 09:37:42.059	*	*	*	*	76.15	31200
1507	2014-03-20 09:37:42.076	*	*	*	*	76.15	30800
1508	2014-03-20 09:37:44.005	*	*	76.1	76800	*	*
1509	2014-03-20 09:37:44.552	*	*	76.1	77600	*	*
1510	2014-03-20 09:37:46.199	*	*	76.1	80800	*	*
1511	2014-03-20 09:37:46.257	*	*	76.1	84000	*	*
1512	2014-03-20 09:37:49.826	*	*	76.1	84400	*	*
1513	2014-03-20 09:37:50.250	76.15	400	*	*	*	*
1514	2014-03-20 09:37:50.250	*	*	*	*	76.15	30400
1515	2014-03-20 09:37:54.982	*	*	76.1	84000	*	*
1516	2014-03-20 09:37:54.982	76.15	400	*	*	*	*
1517	2014-03-20 09:37:54.982	*	*	*	*	76.15	30000
1518	2014-03-20 09:37:58.152	*	*	*	*	76.15	32400
1519	2014-03-20 09:37:58.565	*	*	76.1	83600	*	*
1520	2014-03-20 09:37:58.565	76.15	400	*	*	*	*
1521	2014-03-20 09:37:58.565	*	*	*	*	76.15	32000
1522	2014-03-20 09:37:59.313	76.15	400	*	*	*	*
1523	2014-03-20 09:37:59.313	76.15	400	*	*	*	*
1524	2014-03-20 09:37:59.313	*	*	*	*	76.15	31200
1525	2014-03-20 09:37:59.328	76.1	400	*	*	*	*
1526	2014-03-20 09:37:59.328	*	*	76.1	83200	*	*
1527	2014-03-20 09:38:01.130	76.15	800	*	*	*	*
1528	2014-03-20 09:38:01.130	*	*	*	*	76.15	30400
1529	2014-03-20 09:38:02.275	76.15	400	*	*	*	*
1530	2014-03-20 09:38:02.275	76.15	400	*	*	*	*
1531	2014-03-20 09:38:02.275	*	*	*	*	76.15	29600
1532	2014-03-20 09:38:02.767	*	*	76.1	84000	*	*
1533	2014-03-20 09:38:03.152	76.15	400	*	*	*	*
1534	2014-03-20 09:38:03.152	*	*	*	*	76.15	29200
1535	2014-03-20 09:38:04.767	76.15	400	*	*	*	*
1536	2014-03-20 09:38:04.767	*	*	*	*	76.15	28800
1537	2014-03-20 09:38:06.136	76.15	400	*	*	*	*
1538	2014-03-20 09:38:06.136	*	*	*	*	76.15	28400
1539	2014-03-20 09:38:08.640	*	*	76.1	84400	*	*
1540	2014-03-20 09:38:12.217	*	*	76.1	84000	*	*
1541	2014-03-20 09:38:14.403	*	*	76.1	84400	*	*
1542	2014-03-20 09:38:14.976	*	*	76.1	84800	*	*
1543	2014-03-20 09:38:16.860	*	*	76.1	86000	*	*
1544	2014-03-20 09:38:17.800	*	*	76.1	88000	*	*
1545	2014-03-20 09:38:19.774	76.15	400	*	*	*	*
1546	2014-03-20 09:38:19.774	*	*	*	*	76.15	28000
1547	2014-03-20 09:38:28.102	*	*	76.1	87200	*	*
1548	2014-03-20 09:38:32.645	*	*	*	*	76.15	32000
1549	2014-03-20 09:38:33.651	*	*	*	*	76.15	36400
1550	2014-03-20 09:38:38.660	76.1	20000	*	*	*	*
1551	2014-03-20 09:38:38.660	*	*	76.1	67200	*	*
1552	2014-03-20 09:38:38.681	76.1	2400	*	*	*	*
1553	2014-03-20 09:38:38.681	*	*	76.1	64800	*	*
1554	2014-03-20 09:38:38.687	*	*	76.1	74800	*	*
1555	2014-03-20 09:38:38.836	76.15	400	*	*	*	*
1556	2014-03-20 09:38:38.836	76.15	3600	*	*	*	*
1557	2014-03-20 09:38:38.836	*	*	*	*	76.15	32400
1558	2014-03-20 09:38:38.852	76.1	400	*	*	*	*
1559	2014-03-20 09:38:38.852	*	*	76.1	74400	*	*
1560	2014-03-20 09:38:38.887	*	*	*	*	76.15	34400
1561	2014-03-20 09:38:39.047	76.15	2000	*	*	*	*
1562	2014-03-20 09:38:39.047	*	*	*	*	76.15	32400
1563	2014-03-20 09:38:39.063	76.1	400	*	*	*	*
1564	2014-03-20 09:38:39.063	*	*	76.1	74000	*	*
1565	2014-03-20 09:38:39.832	*	*	*	*	76.15	34000
1566	2014-03-20 09:38:40.008	76.15	1200	*	*	*	*
1567	2014-03-20 09:38:40.008	*	*	*	*	76.15	32800
1568	2014-03-20 09:38:40.022	76.15	1200	*	*	*	*
1569	2014-03-20 09:38:40.022	*	*	*	*	76.15	31600
1570	2014-03-20 09:38:40.093	76.15	800	*	*	*	*
1571	2014-03-20 09:38:40.093	*	*	*	*	76.15	30800
1572	2014-03-20 09:38:40.112	76.1	400	*	*	*	*
1573	2014-03-20 09:38:40.112	*	*	76.1	73600	*	*
1574	2014-03-20 09:38:40.135	76.15	800	*	*	*	*
1575	2014-03-20 09:38:40.135	*	*	*	*	76.15	30000
1576	2014-03-20 09:38:41.144	*	*	76.1	83600	*	*
1577	2014-03-20 09:38:42.992	76.1	800	*	*	*	*
1578	2014-03-20 09:38:42.992	*	*	76.1	82800	*	*
1579	2014-03-20 09:38:43.128	*	*	76.1	83600	*	*
1580	2014-03-20 09:38:43.172	*	*	76.1	84400	*	*
1581	2014-03-20 09:38:47.951	*	*	*	*	76.15	32000
1582	2014-03-20 09:38:48.092	75.6	200	*	*	*	*
1583	2014-03-20 09:38:48.911	*	*	76.1	84800	*	*
1584	2014-03-20 09:38:49.320	*	*	*	*	76.15	33600
1585	2014-03-20 09:38:49.987	*	*	*	*	76.15	35600
1586	2014-03-20 09:38:50.284	*	*	76.1	86800	*	*
1587	2014-03-20 09:38:51.002	*	*	*	*	76.15	37600
1588	2014-03-20 09:38:52.023	*	*	76.1	103200	*	*
1589	2014-03-20 09:38:52.878	*	*	*	*	76.15	38800
1590	2014-03-20 09:38:57.297	*	*	*	*	76.15	54800
1591	2014-03-20 09:38:57.313	*	*	*	*	76.15	57600
1592	2014-03-20 09:38:57.319	76.15	400	*	*	*	*
1593	2014-03-20 09:38:57.319	*	*	*	*	76.15	57200
1594	2014-03-20 09:38:57.377	*	*	*	*	76.15	58800
1595	2014-03-20 09:38:57.848	76.1	1200	*	*	*	*
1596	2014-03-20 09:38:57.848	*	*	76.1	102000	*	*
1597	2014-03-20 09:38:58.057	76.1	400	*	*	*	*
1598	2014-03-20 09:38:58.057	*	*	76.1	101600	*	*
1599	2014-03-20 09:38:58.071	76.1	400	*	*	*	*
1600	2014-03-20 09:38:58.071	*	*	76.1	101200	*	*
1601	2014-03-20 09:38:58.345	*	*	76.1	102000	*	*
1602	2014-03-20 09:38:58.421	*	*	76.1	102800	*	*
1603	2014-03-20 09:38:58.494	76.15	400	*	*	*	*
1604	2014-03-20 09:38:58.494	*	*	*	*	76.15	58400
1605	2014-03-20 09:38:59.408	*	*	76.1	104800	*	*
1606	2014-03-20 09:39:01.996	76.15	800	*	*	*	*
1607	2014-03-20 09:39:01.996	*	*	*	*	76.15	57600
1608	2014-03-20 09:39:02.065	*	*	*	*	76.15	59600
1609	2014-03-20 09:39:02.816	*	*	*	*	76.15	43600
1610	2014-03-20 09:39:03.992	*	*	76.1	105200	*	*
1611	2014-03-20 09:39:04.012	*	*	*	*	76.15	42000
1612	2014-03-20 09:39:05.169	*	*	76.1	92400	*	*
1613	2014-03-20 09:39:05.498	*	*	*	*	76.15	42400
1614	2014-03-20 09:39:07.565	*	*	76.1	112400	*	*
1615	2014-03-20 09:39:08.011	76.15	400	*	*	*	*
1616	2014-03-20 09:39:08.011	*	*	*	*	76.15	42000
1617	2014-03-20 09:39:08.364	76.1	2000	*	*	*	*
1618	2014-03-20 09:39:08.364	*	*	76.1	110400	*	*
1619	2014-03-20 09:39:08.382	76.1	400	*	*	*	*
1620	2014-03-20 09:39:08.382	*	*	76.1	110000	*	*
1621	2014-03-20 09:39:08.857	76.15	400	*	*	*	*
1622	2014-03-20 09:39:08.857	*	*	*	*	76.15	41600
1623	2014-03-20 09:39:11.338	*	*	*	*	76.15	43600
1624	2014-03-20 09:39:13.047	76.15	400	*	*	*	*
1625	2014-03-20 09:39:13.047	*	*	*	*	76.15	43200
1626	2014-03-20 09:39:15.267	76.15	400	*	*	*	*
1627	2014-03-20 09:39:15.267	*	*	*	*	76.15	42800
1628	2014-03-20 09:39:16.352	76.1	2000	*	*	*	*
1629	2014-03-20 09:39:16.352	*	*	76.1	108000	*	*
1630	2014-03-20 09:39:17.415	*	*	76.1	109200	*	*
1631	2014-03-20 09:39:18.005	*	*	76.1	109600	*	*
1632	2014-03-20 09:39:19.090	76.15	400	*	*	*	*
1633	2014-03-20 09:39:19.090	*	*	*	*	76.15	42400
1634	2014-03-20 09:39:19.109	76.1	400	*	*	*	*
1635	2014-03-20 09:39:19.109	*	*	76.1	109200	*	*
1636	2014-03-20 09:39:22.031	*	*	*	*	76.15	58400
1637	2014-03-20 09:39:23.903	*	*	*	*	76.15	60800
1638	2014-03-20 09:39:25.126	*	*	76.1	122000	*	*
1639	2014-03-20 09:39:25.133	76.15	400	*	*	*	*
1640	2014-03-20 09:39:25.133	*	*	*	*	76.15	60400
1641	2014-03-20 09:39:25.529	*	*	76.1	122400	*	*
1642	2014-03-20 09:39:27.206	*	*	76.1	123200	*	*
1643	2014-03-20 09:39:27.779	76.15	400	*	*	*	*
1644	2014-03-20 09:39:27.779	*	*	*	*	76.15	60000
1645	2014-03-20 09:39:27.794	76.15	400	*	*	*	*
1646	2014-03-20 09:39:27.794	*	*	*	*	76.15	59600
1647	2014-03-20 09:39:27.994	*	*	76.1	122800	*	*
1648	2014-03-20 09:39:28.750	76.15	800	*	*	*	*
1649	2014-03-20 09:39:28.750	*	*	*	*	76.15	58800
1650	2014-03-20 09:39:31.599	*	*	*	*	76.15	60400
1651	2014-03-20 09:39:33.244	*	*	76.1	110000	*	*
1652	2014-03-20 09:39:34.289	76.15	800	*	*	*	*
1653	2014-03-20 09:39:34.289	*	*	*	*	76.15	59600
1654	2014-03-20 09:39:36.685	76.15	400	*	*	*	*
1655	2014-03-20 09:39:36.685	*	*	*	*	76.15	59200
1656	2014-03-20 09:39:36.709	*	*	*	*	76.15	60800
1657	2014-03-20 09:39:37.108	76.15	400	*	*	*	*
1658	2014-03-20 09:39:37.108	*	*	*	*	76.15	60400
1659	2014-03-20 09:39:37.128	76.1	400	*	*	*	*
1660	2014-03-20 09:39:37.128	*	*	76.1	109600	*	*
1661	2014-03-20 09:39:37.359	*	*	*	*	76.15	44400
1662	2014-03-20 09:39:37.892	*	*	*	*	76.15	48400
1663	2014-03-20 09:39:38.575	*	*	*	*	76.15	68800
1664	2014-03-20 09:39:38.713	*	*	*	*	76.15	67600
1665	2014-03-20 09:39:38.731	*	*	*	*	76.15	72000
1666	2014-03-20 09:39:39.046	*	*	*	*	76.15	75200
1667	2014-03-20 09:39:39.699	75.6	367	*	*	*	*
1668	2014-03-20 09:39:40.260	*	*	*	*	76.15	76400
1669	2014-03-20 09:39:40.822	*	*	*	*	76.15	78000
1670	2014-03-20 09:39:41.908	*	*	*	*	76.15	80000
1671	2014-03-20 09:39:42.639	*	*	76.1	111600	*	*
1672	2014-03-20 09:39:43.711	*	*	*	*	76.15	102000
1673	2014-03-20 09:39:44.799	76.15	3600	*	*	*	*
1674	2014-03-20 09:39:44.799	76.15	1600	*	*	*	*
1675	2014-03-20 09:39:44.799	*	*	*	*	76.15	96800
1676	2014-03-20 09:39:46.726	*	*	*	*	76.15	95600
1677	2014-03-20 09:39:46.732	*	*	*	*	76.15	91200
1678	2014-03-20 09:39:46.749	*	*	76.1	122400	*	*
1679	2014-03-20 09:39:47.842	76.15	400	*	*	*	*
1680	2014-03-20 09:39:47.842	*	*	*	*	76.15	90800
1681	2014-03-20 09:39:53.327	76.15	400	*	*	*	*
1682	2014-03-20 09:39:53.327	*	*	*	*	76.15	90400
1683	2014-03-20 09:39:53.329	*	*	76.1	135200	*	*
1684	2014-03-20 09:39:53.573	76.15	800	*	*	*	*
1685	2014-03-20 09:39:53.573	*	*	*	*	76.15	89600
1686	2014-03-20 09:39:53.634	76.15	400	*	*	*	*
1687	2014-03-20 09:39:53.634	*	*	*	*	76.15	89200
1688	2014-03-20 09:39:53.682	*	*	*	*	76.15	91200
1689	2014-03-20 09:39:54.093	76.15	800	*	*	*	*
1690	2014-03-20 09:39:54.093	*	*	*	*	76.15	90400
1691	2014-03-20 09:39:54.819	76.15	800	*	*	*	*
1692	2014-03-20 09:39:54.819	*	*	*	*	76.15	89600
1693	2014-03-20 09:39:57.427	76.15	800	*	*	*	*
1694	2014-03-20 09:39:57.427	76.15	400	*	*	*	*
1695	2014-03-20 09:39:57.427	*	*	*	*	76.15	88400
1696	2014-03-20 09:39:57.475	*	*	*	*	76.15	90800
1697	2014-03-20 09:39:59.095	*	*	*	*	76.15	92800
1698	2014-03-20 09:40:00.609	*	*	76.1	115200	*	*
1699	2014-03-20 09:40:00.609	76.15	3600	*	*	*	*
1700	2014-03-20 09:40:00.609	76.15	4400	*	*	*	*
1701	2014-03-20 09:40:00.609	76.15	2000	*	*	*	*
1702	2014-03-20 09:40:00.609	76.15	1600	*	*	*	*
1703	2014-03-20 09:40:00.609	76.15	2000	*	*	*	*
1704	2014-03-20 09:40:00.609	76.15	1600	*	*	*	*
1705	2014-03-20 09:40:00.609	76.15	2000	*	*	*	*
1706	2014-03-20 09:40:00.609	76.15	2000	*	*	*	*
1707	2014-03-20 09:40:00.609	76.15	800	*	*	*	*
1708	2014-03-20 09:40:00.609	*	*	*	*	76.15	72800
1709	2014-03-20 09:40:00.657	*	*	*	*	76.15	79200
1710	2014-03-20 09:40:00.689	76.1	400	*	*	*	*
1711	2014-03-20 09:40:00.689	*	*	76.1	114800	*	*
1712	2014-03-20 09:40:00.691	76.1	400	*	*	*	*
1713	2014-03-20 09:40:00.691	*	*	76.1	114400	*	*
1714	2014-03-20 09:40:00.691	76.1	400	*	*	*	*
1715	2014-03-20 09:40:00.691	*	*	76.1	114000	*	*
1716	2014-03-20 09:40:00.704	76.1	400	*	*	*	*
1717	2014-03-20 09:40:00.704	*	*	76.1	113600	*	*
1718	2014-03-20 09:40:01.391	*	*	*	*	76.15	81600
1719	2014-03-20 09:40:01.522	*	*	*	*	76.15	83600
1720	2014-03-20 09:40:06.375	*	*	76.1	115600	*	*
1721	2014-03-20 09:40:06.648	*	*	76.1	102800	*	*
1722	2014-03-20 09:40:10.004	*	*	*	*	76.15	84800
1723	2014-03-20 09:40:13.511	76.15	400	*	*	*	*
1724	2014-03-20 09:40:13.511	*	*	*	*	76.15	84400
1725	2014-03-20 09:40:13.522	*	*	*	*	76.15	93600
1726	2014-03-20 09:40:14.365	76.15	800	*	*	*	*
1727	2014-03-20 09:40:14.365	*	*	*	*	76.15	92800
1728	2014-03-20 09:40:17.689	*	*	76.1	103200	*	*
1729	2014-03-20 09:40:18.283	*	*	76.1	103600	*	*
1730	2014-03-20 09:40:19.202	*	*	76.1	104000	*	*
1731	2014-03-20 09:40:21.669	*	*	76.1	104800	*	*
1732	2014-03-20 09:40:22.502	76.15	400	*	*	*	*
1733	2014-03-20 09:40:22.502	*	*	*	*	76.15	92400
1734	2014-03-20 09:40:22.549	76.15	400	*	*	*	*
1735	2014-03-20 09:40:22.549	76.15	400	*	*	*	*
1736	2014-03-20 09:40:22.549	*	*	*	*	76.15	91600
1737	2014-03-20 09:40:22.640	76.15	400	*	*	*	*
1738	2014-03-20 09:40:22.640	*	*	*	*	76.15	91200
1739	2014-03-20 09:40:23.145	*	*	*	*	76.15	91600
1740	2014-03-20 09:40:23.530	76.15	400	*	*	*	*
1741	2014-03-20 09:40:23.530	*	*	*	*	76.15	91200
1742	2014-03-20 09:40:24.522	*	*	*	*	76.15	90800
1743	2014-03-20 09:40:27.123	*	*	*	*	76.15	68800
1744	2014-03-20 09:40:28.532	*	*	*	*	76.15	66400
1745	2014-03-20 09:40:30.679	*	*	76.1	105200	*	*
1746	2014-03-20 09:40:31.592	*	*	76.1	105600	*	*
1747	2014-03-20 09:40:32.394	76.15	800	*	*	*	*
1748	2014-03-20 09:40:32.394	76.15	400	*	*	*	*
1749	2014-03-20 09:40:32.394	76.15	2000	*	*	*	*
1750	2014-03-20 09:40:32.394	76.15	2400	*	*	*	*
1751	2014-03-20 09:40:32.394	76.15	1600	*	*	*	*
1752	2014-03-20 09:40:32.394	76.15	1600	*	*	*	*
1753	2014-03-20 09:40:32.394	76.15	4000	*	*	*	*
1754	2014-03-20 09:40:32.394	76.15	20400	*	*	*	*
1755	2014-03-20 09:40:32.394	76.15	2800	*	*	*	*
1756	2014-03-20 09:40:32.394	*	*	*	*	76.15	30400
1757	2014-03-20 09:40:32.415	76.1	400	*	*	*	*
1758	2014-03-20 09:40:32.415	*	*	76.1	105200	*	*
1759	2014-03-20 09:40:32.422	76.1	400	*	*	*	*
1760	2014-03-20 09:40:32.422	*	*	76.1	104800	*	*
1761	2014-03-20 09:40:32.423	76.1	400	*	*	*	*
1762	2014-03-20 09:40:32.423	*	*	76.1	104400	*	*
1763	2014-03-20 09:40:32.424	76.1	400	*	*	*	*
1764	2014-03-20 09:40:32.424	*	*	76.1	104000	*	*
1765	2014-03-20 09:40:32.424	76.1	1200	*	*	*	*
1766	2014-03-20 09:40:32.424	76.1	400	*	*	*	*
1767	2014-03-20 09:40:32.424	76.1	800	*	*	*	*
1768	2014-03-20 09:40:32.424	*	*	76.1	101600	*	*
1769	2014-03-20 09:40:32.437	76.1	400	*	*	*	*
1770	2014-03-20 09:40:32.437	*	*	76.1	101200	*	*
1771	2014-03-20 09:40:32.540	*	*	*	*	76.15	24000
1772	2014-03-20 09:40:32.558	*	*	76.1	103200	*	*
1773	2014-03-20 09:40:32.590	76.15	400	*	*	*	*
1774	2014-03-20 09:40:32.590	76.15	1200	*	*	*	*
1775	2014-03-20 09:40:32.590	76.15	1600	*	*	*	*
1776	2014-03-20 09:40:32.590	76.15	800	*	*	*	*
1777	2014-03-20 09:40:32.590	*	*	*	*	76.15	20000
1778	2014-03-20 09:40:33.543	*	*	*	*	76.15	20400
1779	2014-03-20 09:40:33.629	*	*	*	*	76.15	25200
1780	2014-03-20 09:40:33.653	76.15	800	*	*	*	*
1781	2014-03-20 09:40:33.653	*	*	*	*	76.15	24400
1782	2014-03-20 09:40:33.660	*	*	*	*	76.15	30800
1783	2014-03-20 09:40:33.674	76.1	400	*	*	*	*
1784	2014-03-20 09:40:33.674	*	*	76.1	102800	*	*
1785	2014-03-20 09:40:33.695	76.15	400	*	*	*	*
1786	2014-03-20 09:40:33.695	76.15	400	*	*	*	*
1787	2014-03-20 09:40:33.695	*	*	*	*	76.15	30000
1788	2014-03-20 09:40:34.549	*	*	*	*	76.15	33200
1789	2014-03-20 09:40:34.685	*	*	*	*	76.15	55200
1790	2014-03-20 09:40:34.705	76.15	1600	*	*	*	*
1791	2014-03-20 09:40:34.705	76.15	2400	*	*	*	*
1792	2014-03-20 09:40:34.705	76.15	2000	*	*	*	*
1793	2014-03-20 09:40:34.705	76.15	4000	*	*	*	*
1794	2014-03-20 09:40:34.705	*	*	*	*	76.15	45200
1795	2014-03-20 09:40:34.722	76.1	400	*	*	*	*
1796	2014-03-20 09:40:34.722	*	*	76.1	102400	*	*
1797	2014-03-20 09:40:34.730	76.1	400	*	*	*	*
1798	2014-03-20 09:40:34.730	*	*	76.1	102000	*	*
1799	2014-03-20 09:40:34.730	76.1	400	*	*	*	*
1800	2014-03-20 09:40:34.730	*	*	76.1	101600	*	*
1801	2014-03-20 09:40:34.759	*	*	*	*	76.15	47200
1802	2014-03-20 09:40:34.772	*	*	*	*	76.15	48400
1803	2014-03-20 09:40:34.931	76.15	1200	*	*	*	*
1804	2014-03-20 09:40:34.931	*	*	*	*	76.15	47200
1805	2014-03-20 09:40:34.982	*	*	*	*	76.15	49200
1806	2014-03-20 09:40:35.032	*	*	76.1	85200	*	*
1807	2014-03-20 09:40:35.032	76.15	1200	*	*	*	*
1808	2014-03-20 09:40:35.032	76.15	2400	*	*	*	*
1809	2014-03-20 09:40:35.032	76.15	2000	*	*	*	*
1810	2014-03-20 09:40:35.032	76.15	1200	*	*	*	*
1811	2014-03-20 09:40:35.032	76.15	400	*	*	*	*
1812	2014-03-20 09:40:35.032	76.15	400	*	*	*	*
1813	2014-03-20 09:40:35.032	76.15	4800	*	*	*	*
1814	2014-03-20 09:40:35.032	76.15	4000	*	*	*	*
1815	2014-03-20 09:40:35.032	*	*	*	*	76.15	32800
1816	2014-03-20 09:40:35.033	*	*	*	*	76.15	10800
1817	2014-03-20 09:40:35.042	76.15	400	*	*	*	*
1818	2014-03-20 09:40:35.042	*	*	*	*	76.15	10400
1819	2014-03-20 09:40:35.058	76.1	400	*	*	*	*
1820	2014-03-20 09:40:35.058	*	*	76.1	84800	*	*
1821	2014-03-20 09:40:35.066	76.1	400	*	*	*	*
1822	2014-03-20 09:40:35.066	*	*	76.1	84400	*	*
1823	2014-03-20 09:40:35.067	76.1	400	*	*	*	*
1824	2014-03-20 09:40:35.067	*	*	76.1	84000	*	*
1825	2014-03-20 09:40:35.067	76.1	400	*	*	*	*
1826	2014-03-20 09:40:35.067	*	*	76.1	83600	*	*
1827	2014-03-20 09:40:35.737	76.1	400	*	*	*	*
1828	2014-03-20 09:40:35.737	*	*	76.1	83200	*	*
1829	2014-03-20 09:40:36.552	*	*	*	*	76.15	8000
1830	2014-03-20 09:40:36.633	*	*	*	*	76.15	8400
1831	2014-03-20 09:40:36.692	76.15	800	*	*	*	*
1832	2014-03-20 09:40:36.692	*	*	*	*	76.15	7600
1833	2014-03-20 09:40:36.733	*	*	76.1	82400	*	*
1834	2014-03-20 09:40:36.733	76.15	800	*	*	*	*
1835	2014-03-20 09:40:36.733	*	*	*	*	76.15	6800
1836	2014-03-20 09:40:38.560	*	*	*	*	76.15	6400
1837	2014-03-20 09:40:40.242	76.15	400	*	*	*	*
1838	2014-03-20 09:40:40.242	76.15	400	*	*	*	*
1839	2014-03-20 09:40:40.242	76.15	2000	*	*	*	*
1840	2014-03-20 09:40:40.242	76.15	1200	*	*	*	*
1841	2014-03-20 09:40:40.242	76.15	2000	*	*	*	*
1842	2014-03-20 09:40:40.242	76.15	400	*	*	*	*
1843	2014-03-20 09:40:40.242	*	*	76.15	39600	76.2	41200
1844	2014-03-20 09:40:40.243	*	*	*	*	76.2	63200
1845	2014-03-20 09:40:40.250	*	*	76.15	40000	*	*
1846	2014-03-20 09:40:40.254	*	*	76.15	42000	*	*
1847	2014-03-20 09:40:40.265	76.15	400	*	*	*	*
1848	2014-03-20 09:40:40.265	*	*	76.15	41600	*	*
1849	2014-03-20 09:40:40.266	*	*	*	*	76.2	62800
1850	2014-03-20 09:40:40.388	*	*	76.15	42000	*	*
1851	2014-03-20 09:40:40.402	*	*	*	*	76.2	64800
1852	2014-03-20 09:40:40.432	*	*	76.15	44000	*	*
1853	2014-03-20 09:40:40.673	76.15	2000	*	*	*	*
1854	2014-03-20 09:40:40.673	*	*	76.15	42000	*	*
1855	2014-03-20 09:40:41.304	*	*	*	*	76.2	66800
1856	2014-03-20 09:40:41.428	*	*	*	*	76.2	72800
1857	2014-03-20 09:40:41.767	*	*	*	*	76.2	73600
1858	2014-03-20 09:40:42.267	*	*	*	*	76.2	72400
1859	2014-03-20 09:40:42.285	*	*	*	*	76.2	77200
1860	2014-03-20 09:40:43.545	76.15	400	*	*	*	*
1861	2014-03-20 09:40:43.545	*	*	76.15	41600	*	*
1862	2014-03-20 09:40:43.753	76.2	400	*	*	*	*
1863	2014-03-20 09:40:43.753	*	*	*	*	76.2	76800
1864	2014-03-20 09:40:43.769	76.15	400	*	*	*	*
1865	2014-03-20 09:40:43.769	*	*	76.15	41200	*	*
1866	2014-03-20 09:40:44.443	*	*	76.15	55200	*	*
1867	2014-03-20 09:40:44.614	*	*	76.15	56000	*	*
1868	2014-03-20 09:40:45.038	*	*	*	*	76.2	78000
1869	2014-03-20 09:40:50.145	*	*	*	*	76.2	56000
1870	2014-03-20 09:40:50.160	*	*	*	*	76.2	53600
1871	2014-03-20 09:40:50.679	*	*	*	*	76.2	52000
1872	2014-03-20 09:40:52.074	76.2	800	*	*	*	*
1873	2014-03-20 09:40:52.074	*	*	*	*	76.2	51200
1874	2014-03-20 09:40:52.167	*	*	*	*	76.2	50800
1875	2014-03-20 09:40:52.581	*	*	76.15	56400	*	*
1876	2014-03-20 09:40:55.732	*	*	76.15	58400	*	*
1877	2014-03-20 09:40:55.801	*	*	76.15	60400	*	*
1878	2014-03-20 09:40:57.152	*	*	76.15	90400	*	*
1879	2014-03-20 09:40:57.952	*	*	*	*	76.2	72800
1880	2014-03-20 09:40:57.959	*	*	76.15	91200	*	*
1881	2014-03-20 09:40:58.365	*	*	*	*	76.2	74800
1882	2014-03-20 09:41:00.352	*	*	*	*	76.2	76000
1883	2014-03-20 09:41:04.090	*	*	*	*	76.2	75200
1884	2014-03-20 09:41:04.282	76.2	1200	*	*	*	*
1885	2014-03-20 09:41:04.282	*	*	*	*	76.2	74000
1886	2014-03-20 09:41:04.285	*	*	*	*	76.2	73600
1887	2014-03-20 09:41:06.097	*	*	76.15	92800	*	*
1888	2014-03-20 09:41:06.248	*	*	76.15	94400	*	*
1889	2014-03-20 09:41:07.635	76.2	400	*	*	*	*
1890	2014-03-20 09:41:07.635	*	*	*	*	76.2	73200
1891	2014-03-20 09:41:08.114	*	*	*	*	76.2	71200
1892	2014-03-20 09:41:08.120	*	*	*	*	76.2	68800
1893	2014-03-20 09:41:10.974	*	*	76.15	93600	*	*
1894	2014-03-20 09:41:10.974	76.2	400	*	*	*	*
1895	2014-03-20 09:41:10.974	76.2	400	*	*	*	*
1896	2014-03-20 09:41:10.974	*	*	*	*	76.2	68000
1897	2014-03-20 09:41:12.069	*	*	*	*	76.2	71200
1898	2014-03-20 09:41:13.258	*	*	*	*	76.2	73200
1899	2014-03-20 09:41:16.228	76.15	400	*	*	*	*
1900	2014-03-20 09:41:16.228	*	*	76.15	93200	*	*
1901	2014-03-20 09:41:16.299	75.65	175	*	*	*	*
1902	2014-03-20 09:41:16.371	*	*	*	*	76.2	75600
1903	2014-03-20 09:41:21.371	*	*	76.15	94400	*	*
1904	2014-03-20 09:41:23.448	*	*	76.15	94800	*	*
1905	2014-03-20 09:41:25.239	*	*	*	*	76.2	77600
1906	2014-03-20 09:41:28.397	*	*	*	*	76.2	79600
1907	2014-03-20 09:41:35.565	76.2	400	*	*	*	*
1908	2014-03-20 09:41:35.565	*	*	*	*	76.2	79200
1909	2014-03-20 09:41:35.602	*	*	*	*	76.2	88000
1910	2014-03-20 09:41:36.670	*	*	*	*	76.2	89600
1911	2014-03-20 09:41:39.183	76.15	9600	*	*	*	*
1912	2014-03-20 09:41:39.183	*	*	76.15	85200	*	*
1913	2014-03-20 09:41:39.195	76.15	800	*	*	*	*
1914	2014-03-20 09:41:39.195	*	*	76.15	84400	*	*
1915	2014-03-20 09:41:41.359	76.15	3200	*	*	*	*
1916	2014-03-20 09:41:41.359	*	*	76.15	81200	*	*
1917	2014-03-20 09:41:41.371	76.15	400	*	*	*	*
1918	2014-03-20 09:41:41.371	*	*	76.15	80800	*	*
1919	2014-03-20 09:41:41.527	76.2	400	*	*	*	*
1920	2014-03-20 09:41:41.527	76.2	4800	*	*	*	*
1921	2014-03-20 09:41:41.527	76.2	4800	*	*	*	*
1922	2014-03-20 09:41:41.527	*	*	*	*	76.2	79600
1923	2014-03-20 09:41:41.544	76.15	800	*	*	*	*
1924	2014-03-20 09:41:41.544	*	*	76.15	80000	*	*
1925	2014-03-20 09:41:41.552	76.15	400	*	*	*	*
1926	2014-03-20 09:41:41.552	*	*	76.15	79600	*	*
1927	2014-03-20 09:41:41.552	*	*	*	*	76.2	78400
1928	2014-03-20 09:41:41.888	76.15	4000	*	*	*	*
1929	2014-03-20 09:41:41.888	*	*	76.15	75600	*	*
1930	2014-03-20 09:41:41.905	76.15	400	*	*	*	*
1931	2014-03-20 09:41:41.905	*	*	76.15	75200	*	*
1932	2014-03-20 09:41:42.248	76.2	400	*	*	*	*
1933	2014-03-20 09:41:42.248	76.2	1600	*	*	*	*
1934	2014-03-20 09:41:42.248	*	*	*	*	76.2	76400
1935	2014-03-20 09:41:42.270	76.15	400	*	*	*	*
1936	2014-03-20 09:41:42.270	*	*	76.15	74800	*	*
1937	2014-03-20 09:41:43.117	*	*	*	*	76.2	78000
1938	2014-03-20 09:41:44.305	76.2	400	*	*	*	*
1939	2014-03-20 09:41:44.305	76.2	400	*	*	*	*
1940	2014-03-20 09:41:44.305	*	*	*	*	76.2	77200
1941	2014-03-20 09:41:46.181	*	*	*	*	76.2	79200
1942	2014-03-20 09:41:46.269	*	*	*	*	76.2	80000
1943	2014-03-20 09:41:46.653	76.2	800	*	*	*	*
1944	2014-03-20 09:41:46.653	*	*	*	*	76.2	79200
1945	2014-03-20 09:41:46.812	76.2	800	*	*	*	*
1946	2014-03-20 09:41:46.812	*	*	*	*	76.2	78400
1947	2014-03-20 09:41:52.016	76.15	3200	*	*	*	*
1948	2014-03-20 09:41:52.016	*	*	76.15	71600	*	*
1949	2014-03-20 09:41:52.029	76.15	400	*	*	*	*
1950	2014-03-20 09:41:52.029	*	*	76.15	71200	*	*
1951	2014-03-20 09:41:53.670	76.2	400	*	*	*	*
1952	2014-03-20 09:41:53.670	*	*	*	*	76.2	78000
1953	2014-03-20 09:41:54.908	76.2	400	*	*	*	*
1954	2014-03-20 09:41:54.908	*	*	*	*	76.2	77600
1955	2014-03-20 09:41:55.154	*	*	76.15	86800	*	*
1956	2014-03-20 09:41:55.794	76.2	400	*	*	*	*
1957	2014-03-20 09:41:55.794	*	*	*	*	76.2	77200
1958	2014-03-20 09:41:57.140	76.2	400	*	*	*	*
1959	2014-03-20 09:41:57.140	*	*	*	*	76.2	76800
1960	2014-03-20 09:41:57.159	76.15	400	*	*	*	*
1961	2014-03-20 09:41:57.159	*	*	76.15	86400	*	*
1962	2014-03-20 09:41:58.432	*	*	*	*	76.2	78800
1963	2014-03-20 09:41:58.974	*	*	76.15	86800	*	*
1964	2014-03-20 09:41:59.849	*	*	76.15	87200	*	*
1965	2014-03-20 09:42:02.589	*	*	76.15	100000	*	*
1966	2014-03-20 09:42:02.591	*	*	*	*	76.2	63600
1967	2014-03-20 09:42:02.608	*	*	*	*	76.2	62000
1968	2014-03-20 09:42:03.032	76.2	400	*	*	*	*
1969	2014-03-20 09:42:03.032	*	*	*	*	76.2	61600
1970	2014-03-20 09:42:03.614	*	*	76.15	87200	*	*
1971	2014-03-20 09:42:05.019	*	*	*	*	76.2	77600
1972	2014-03-20 09:42:06.631	*	*	*	*	76.2	78000
1973	2014-03-20 09:42:09.858	*	*	*	*	76.2	80000
1974	2014-03-20 09:42:10.688	76.15	800	*	*	*	*
1975	2014-03-20 09:42:10.688	*	*	76.15	86400	*	*
1976	2014-03-20 09:42:12.826	76.2	400	*	*	*	*
1977	2014-03-20 09:42:12.826	*	*	*	*	76.2	79600
1978	2014-03-20 09:42:19.932	*	*	76.15	99200	*	*
1979	2014-03-20 09:42:21.894	76.2	400	*	*	*	*
1980	2014-03-20 09:42:21.894	*	*	*	*	76.2	79200
1981	2014-03-20 09:42:25.234	*	*	76.15	98000	*	*
1982	2014-03-20 09:42:26.759	76.15	1200	*	*	*	*
1983	2014-03-20 09:42:26.759	*	*	76.15	96800	*	*
1984	2014-03-20 09:42:30.974	*	*	76.15	84000	*	*
1985	2014-03-20 09:42:32.257	76.2	800	*	*	*	*
1986	2014-03-20 09:42:32.257	*	*	*	*	76.2	78400
1987	2014-03-20 09:42:32.269	76.15	400	*	*	*	*
1988	2014-03-20 09:42:32.269	*	*	76.15	83600	*	*
1989	2014-03-20 09:42:33.605	76.2	400	*	*	*	*
1990	2014-03-20 09:42:33.605	*	*	*	*	76.2	78000
1991	2014-03-20 09:42:34.057	*	*	76.15	84000	*	*
1992	2014-03-20 09:42:36.416	*	*	76.15	84800	*	*
1993	2014-03-20 09:42:38.000	76.2	400	*	*	*	*
1994	2014-03-20 09:42:38.000	*	*	*	*	76.2	77600
1995	2014-03-20 09:42:39.488	76.2	1200	*	*	*	*
1996	2014-03-20 09:42:39.488	*	*	*	*	76.2	76400
1997	2014-03-20 09:42:40.355	76.2	800	*	*	*	*
1998	2014-03-20 09:42:40.355	*	*	*	*	76.2	75600
1999	2014-03-20 09:42:43.344	76.2	400	*	*	*	*
2000	2014-03-20 09:42:43.344	*	*	*	*	76.2	75200
2001	2014-03-20 09:42:43.358	76.15	400	*	*	*	*
2002	2014-03-20 09:42:43.358	*	*	76.15	84400	*	*
2003	2014-03-20 09:42:43.760	*	*	76.15	97200	*	*
2004	2014-03-20 09:42:44.598	*	*	*	*	76.2	81600
2005	2014-03-20 09:42:45.101	*	*	76.15	107600	*	*
2006	2014-03-20 09:42:45.386	*	*	*	*	76.2	112400
2007	2014-03-20 09:42:45.395	*	*	76.15	108400	*	*
2008	2014-03-20 09:42:45.455	*	*	*	*	76.2	115200
2009	2014-03-20 09:42:45.504	*	*	*	*	76.2	121600
2010	2014-03-20 09:42:45.635	*	*	*	*	76.2	115200
2011	2014-03-20 09:42:45.635	76.15	6400	*	*	*	*
2012	2014-03-20 09:42:45.635	*	*	76.15	102000	*	*
2013	2014-03-20 09:42:45.636	*	*	*	*	76.2	108800
2014	2014-03-20 09:42:45.636	76.15	2800	*	*	*	*
2015	2014-03-20 09:42:45.636	76.15	400	*	*	*	*
2016	2014-03-20 09:42:45.636	76.15	2000	*	*	*	*
2017	2014-03-20 09:42:45.636	76.15	400	*	*	*	*
2018	2014-03-20 09:42:45.636	76.15	800	*	*	*	*
2019	2014-03-20 09:42:45.636	*	*	76.15	95600	*	*
2020	2014-03-20 09:42:45.637	*	*	*	*	76.2	78000
2021	2014-03-20 09:42:45.637	76.15	1200	*	*	*	*
2022	2014-03-20 09:42:45.637	76.15	14000	*	*	*	*
2023	2014-03-20 09:42:45.637	76.15	400	*	*	*	*
2024	2014-03-20 09:42:45.637	76.15	2000	*	*	*	*
2025	2014-03-20 09:42:45.637	76.15	2000	*	*	*	*
2026	2014-03-20 09:42:45.637	76.15	11200	*	*	*	*
2027	2014-03-20 09:42:45.637	*	*	76.15	64800	*	*
2028	2014-03-20 09:42:45.650	76.15	400	*	*	*	*
2029	2014-03-20 09:42:45.650	*	*	76.15	64400	*	*
2030	2014-03-20 09:42:45.657	76.15	400	*	*	*	*
2031	2014-03-20 09:42:45.657	*	*	76.15	64000	*	*
2032	2014-03-20 09:42:45.658	76.15	400	*	*	*	*
2033	2014-03-20 09:42:45.658	*	*	76.15	63600	*	*
2034	2014-03-20 09:42:45.659	76.15	1600	*	*	*	*
2035	2014-03-20 09:42:45.659	*	*	76.15	62000	*	*
2036	2014-03-20 09:42:45.659	76.15	400	*	*	*	*
2037	2014-03-20 09:42:45.659	*	*	76.15	61600	*	*
2038	2014-03-20 09:42:45.660	76.15	400	*	*	*	*
2039	2014-03-20 09:42:45.660	*	*	76.15	61200	*	*
2040	2014-03-20 09:42:45.761	76.15	1200	*	*	*	*
2041	2014-03-20 09:42:45.761	*	*	76.15	60000	*	*
2042	2014-03-20 09:42:45.900	*	*	*	*	76.2	84000
2043	2014-03-20 09:42:45.992	76.15	2400	*	*	*	*
2044	2014-03-20 09:42:45.992	*	*	76.15	57600	*	*
2045	2014-03-20 09:42:45.997	*	*	*	*	76.2	82400
2046	2014-03-20 09:42:46.474	*	*	76.15	44800	*	*
2047	2014-03-20 09:42:46.475	*	*	*	*	76.2	81200
2048	2014-03-20 09:42:46.475	76.15	4400	*	*	*	*
2049	2014-03-20 09:42:46.475	*	*	76.15	40400	*	*
2050	2014-03-20 09:42:46.488	76.15	800	*	*	*	*
2051	2014-03-20 09:42:46.488	*	*	76.15	39600	*	*
2052	2014-03-20 09:42:46.952	*	*	76.15	41600	*	*
2053	2014-03-20 09:42:46.955	*	*	76.15	43600	*	*
2054	2014-03-20 09:42:47.565	76.15	3600	*	*	*	*
2055	2014-03-20 09:42:47.565	*	*	76.15	40000	*	*
2056	2014-03-20 09:42:47.585	76.15	400	*	*	*	*
2057	2014-03-20 09:42:47.585	*	*	76.15	39600	*	*
2058	2014-03-20 09:42:48.513	*	*	76.15	40400	*	*
2059	2014-03-20 09:42:48.649	*	*	76.15	41200	*	*
2060	2014-03-20 09:42:48.881	76.15	1200	*	*	*	*
2061	2014-03-20 09:42:48.881	*	*	76.15	40000	*	*
2062	2014-03-20 09:42:51.923	*	*	76.15	41200	*	*
2063	2014-03-20 09:42:51.970	76.15	1200	*	*	*	*
2064	2014-03-20 09:42:51.970	76.15	800	*	*	*	*
2065	2014-03-20 09:42:51.970	76.15	1600	*	*	*	*
2066	2014-03-20 09:42:51.970	76.15	1600	*	*	*	*
2067	2014-03-20 09:42:51.970	76.15	400	*	*	*	*
2068	2014-03-20 09:42:51.970	*	*	76.15	35600	*	*
2069	2014-03-20 09:42:51.992	76.15	400	*	*	*	*
2070	2014-03-20 09:42:51.992	*	*	76.15	35200	*	*
2071	2014-03-20 09:42:52.087	*	*	*	*	76.2	150000
2072	2014-03-20 09:42:52.118	*	*	*	*	76.2	160000
2073	2014-03-20 09:42:52.132	*	*	*	*	76.2	161200
2074	2014-03-20 09:42:52.822	76.15	15200	*	*	*	*
2075	2014-03-20 09:42:52.822	76.15	400	*	*	*	*
2076	2014-03-20 09:42:52.822	76.15	400	*	*	*	*
2077	2014-03-20 09:42:52.822	76.15	400	*	*	*	*
2078	2014-03-20 09:42:52.822	76.15	800	*	*	*	*
2079	2014-03-20 09:42:52.822	76.15	10400	*	*	*	*
2080	2014-03-20 09:42:52.822	76.15	800	*	*	*	*
2081	2014-03-20 09:42:52.822	76.15	2000	*	*	*	*
2082	2014-03-20 09:42:52.822	76.15	2000	*	*	*	*
2083	2014-03-20 09:42:52.822	76.15	400	*	*	*	*
2084	2014-03-20 09:42:52.822	*	*	76.15	2400	*	*
2085	2014-03-20 09:42:52.824	76.15	400	*	*	*	*
2086	2014-03-20 09:42:52.824	76.15	800	*	*	*	*
2087	2014-03-20 09:42:52.824	76.15	1200	*	*	*	*
2088	2014-03-20 09:42:52.824	*	*	76.1	64800	76.15	11200
2089	2014-03-20 09:42:52.826	*	*	*	*	76.15	27200
2090	2014-03-20 09:42:52.826	*	*	*	*	76.15	49200
2091	2014-03-20 09:42:52.826	*	*	*	*	76.15	50400
2092	2014-03-20 09:42:52.834	*	*	*	*	76.15	119200
2093	2014-03-20 09:42:52.834	*	*	*	*	76.15	125200
2094	2014-03-20 09:42:52.843	*	*	*	*	76.15	56400
2095	2014-03-20 09:42:52.843	76.1	400	*	*	*	*
2096	2014-03-20 09:42:52.843	76.1	5200	*	*	*	*
2097	2014-03-20 09:42:52.843	76.1	1600	*	*	*	*
2098	2014-03-20 09:42:52.843	76.1	2800	*	*	*	*
2099	2014-03-20 09:42:52.843	76.1	1200	*	*	*	*
2100	2014-03-20 09:42:52.843	76.1	800	*	*	*	*
2101	2014-03-20 09:42:52.843	76.1	800	*	*	*	*
2102	2014-03-20 09:42:52.843	76.1	400	*	*	*	*
2103	2014-03-20 09:42:52.843	76.1	400	*	*	*	*
2104	2014-03-20 09:42:52.843	76.1	400	*	*	*	*
2105	2014-03-20 09:42:52.843	76.1	1200	*	*	*	*
2106	2014-03-20 09:42:52.843	76.1	2000	*	*	*	*
2107	2014-03-20 09:42:52.843	76.1	10000	*	*	*	*
2108	2014-03-20 09:42:52.843	76.1	10000	*	*	*	*
2109	2014-03-20 09:42:52.843	76.1	400	*	*	*	*
2110	2014-03-20 09:42:52.843	76.1	2000	*	*	*	*
